2896 4860
518 395 701 443 aurnuns.
1049 382 1094 446 79

129 559 276 616 ⁸noctem
293 560 402 617 totam
419 552 625 632 continuans
640 553 810 636 vigilavit.
853 554 960 619 Mane
974 562 1091 619 autem
1103 571 1253 620 sannaus·

138 651 232 716 facto
257 653 447 735 capitulum
473 652 664 736 ingressus,
696 655 732 717 in
758 661 894 718 tantum
923 674 961 719 se
983 654 1091 718 bumi-

139 751 240 816 liavit
254 751 299 816 ad
321 752 573 884 poenlitentiam,
595 761 635 818 ut
651 754 850 819 verberibus
872 773 909 818 se
932 755 1093 819 subderet

140 845 408 918 monarchorum.l
466 853 534 918 Die
565 862 693 931 autem,
723 872 840 936 quaa
868 863 990 919 sancto
1016 854 1203 928 locowrnnm,

138 951 292 1029 recessit,
322 958 446 1034 captus
480 961 534 1018 est
564 953 772 1029 Willelmus,
800 973 863 1016 rex
897 954 1036 1031 Scotiae,
1071 931 1254 1071 addititii

137 1051 324 1116 baronibus
351 1052 580 1117 Eboracensis
606 1052 803 1137 provinciae,
828 1053 919 1135 apud
942 1043 1127 1118 Alnevvi-pr
1128 1032 1203 1070 *⁸⁰⁰²*

138 1170 239 1229 cum3
262 1152 335 1234 qni,
357 1171 400 1216 ea
421 1159 556 1229 aestate,
579 1172 657 1216 cum
682 1152 824 1234 Rogero
846 1152 889 1217 de
910 1153 1092 1267 blaubray,

140 1257 175 1316 et
198 1250 278 1315 aliis
307 1252 573 1334 complicibus·
564 1272 601 1316 m
632 1251 785 1317 favorem
815 1252 906 1334 regis
931 1253 1092 1335 junioris,

139 1350 360 1434 aquilonares
392 1360 508 1435 partes
538 1350 678 1433 Angliae
704 1352 960 1416 devastaverat.
1013 1351 1091 1416 Rex

139 1450 259 1534 itaque
287 1451 414 1529 senior,
452 1457 550 1518 tanto
590 1451 804 1516 exhilaratus
840 1452 974 1529 nuntio,
1000 1451 1094 1516 facta

139 1569 226 1632 pace
255 1569 334 1615 cum
367 1551 521 1632 Hugone
553 1550 690 1634 Bygod,
712 1559 747 1616 et
775 1551 898 1634 positis
929 1552 965 1614 ιιι
994 1551 1093 1614 firma

139 1650 299 1715 custodia
327 1650 503 1715 Willelmo
538 1651 720 1715 Scotorum
754 1670 834 1732 rege
868 1657 903 1714 et
937 1650 1092 1715 Roberto
1105 1673 1194 1722 rremys

141 1748 351 1832 leycestriae
376 1750 512 1827 comite,
539 1770 616 1814 cum
646 1750 723 1814 aliis
753 1769 870 1815 eorum
899 1750 1093 1826 comitibus,
1103 1734 1194 1763 'um'

140 1851 327 1914 revertitur
359 1850 395 1914 iu
426 1849 690 1925 Normanniam,
729 1850 947 1932 pacificatam
990 1850 1093 1913 relin-

140 1968 250 2031 quens
275 1948 451 2031 Angliam,
471 1969 574 2032 quam
596 1950 666 2013 fere
692 1950 872 2031 perditam,
893 1949 930 2012 in
951 1950 1095 2032 triginta

140 2041 370 2130 recuperavit²
388 2049 517 2113 diebus

190 2146 345 2212 Veniens
365 2155 480 2212 antem
499 2147 757 2231 Rotbomagum
780 2167 858 2211 cum
874 2147 1140 2213 multitudines
1146 2175 1217 2212 men
1219 2174 1257 2211 e

141 2245 385 2327 wallensium,
407 2248 501 2312 misit
516 2268 575 2313 eos
597 2255 693 2312 trans
715 2248 895 2324 Serenam,
919 2249 1016 2312 utin
1037 2268 1093 2312 ne-
1106 2223 1139 2263 N⁰
1126 2224 1234 2272 Μ’

141 2348 294 2411 moribus
313 2348 480 2412 victualia
498 2348 696 2431 diriperent,
718 2367 796 2430 quae
818 2347 861 2411 ad
883 2347 1093 2410 Francorum

138 2448 329 2511 exercitum
356 2448 576 2512 vehebantur.
628 2441 769 2512 ⁸Franci
796 2446 925 2529 itaque,
951 2467 996 2511 ex
1024 2466 1093 2510 una

141 2555 240 2628 parte
255 2546 415 2612 timentes
432 2567 559 2629 regem,
575 2554 611 2612 et
626 2568 670 2611 ex
687 2555 787 2631 parte
801 2547 871 2610 alia
885 2546 1093 2625 Wallenses,

141 2646 185 2710 ad
199 2666 316 2729 regem
333 2647 528 2730 Anglorum
543 2648 585 2711 de
598 2667 684 2730 pace
702 2647 912 2712 conveniunt
932 2647 1090 2711 locuturi.

142 2745 348 2828 Superque
378 2747 518 2811 laetatus
551 2767 625 2824 rex,
657 2748 839 2812 terminum
868 2745 1092 2810 reformandae

140 2847 249 2928 pacis,
267 2847 358 2929 apud
377 2845 582 2924 Gisortium,
604 2848 729 2912 statuit
747 2848 873 2911 festum
887 2845 1092 2911 Nativitatis

142 2944 299 3027 Virginis
313 2945 483 3028 gloriosae.
538 2946 581 3010 In
599 2946 719 3028 vigilia
735 2967 817 3011 vero
834 2945 1093 3028 Assumptionis

139 3045 252 3109 beatae
276 3045 411 3122 Mariae,
430 3044 558 3110 omissa
581 3045 758 3111 obsidione
783 3046 1007 3127 Rothomagi‚
1031 3065 1092 3109 ex-

140 3145 268 3209 arcitus
301 3144 514 3210 Francorum
540 3146 709 3209 discessit.
777 3143 995 3210 Adveniente
1024 3153 1092 3209 ter-

140 3244 233 3308 mino
259 3244 486 3310 reformandae
504 3246 599 3327 pacis
623 3252 857 3310 convenerunt
879 3253 1009 3327 partes,
1032 3245 1092 3308 sed

141 3343 227 3407 nihil
254 3345 472 3427 proficientes
502 3344 605 3408 alium
645 3345 828 3408 terminum
864 3344 900 3408 in
932 3344 1021 3409 festo
1057 3343 1092 3407 S.

142 3442 326 3508 Michaelis
360 3444 467 3529 juxta
501 3444 677 3509 civitatem
705 3444 855 3507 Turonis
884 3451 1092 3508 statuerunt

142 3541 279 3621 Quibus
295 3544 351 3608 die
369 3551 404 3610 et
418 3544 495 3609 loco
509 3544 634 3608 iterum
652 3544 904 3620 couvenientes,
928 3562 999 3626 pax
1014 3563 1115 3645 pro·
1079 3555 1146 3595 ·¹¹¹·
1154 3557 1215 3595 three

141 3643 250 3722 venit,
265 3651 301 3708 et
314 3650 384 3709 tres
399 3644 491 3725 regis
509 3643 570 3707 filii
585 3644 675 3726 patri
692 3663 756 3707 suo
771 3663 809 3707 se
825 3643 1000 3707 humiliter
1013 3644 1090 3706 sub·
1105 3617 1188 3696 ¹3⁰¹1⁸¹n¹

139 3740 311 3808 diderunt.
352 3743 432 3808 Rex
447 3750 563 3808 autem
582 3743 795 3808 Francorum
809 3751 843 3807 et
859 3762 972 3806 comes
992 3742 1095 3806 Flan-

1144 3605 1244 3645 snrbmlt

176 3970 185 4003 ¹
197 3972 322 4036 Compare
333 3973 457 4036 Gervase,
467 3975 501 4024 X.
513 3975 606 4034 Seript.
667 3970 677 3999 ¹
688 3973 696 4000 ‘
706 3973 891 4035 recuperaverit
898 3968 914 4031 ;’
926 3968 994 4022 n‘A.

140 4045 190 4095 col.
201 4047 282 4105 lanu
300 4044 356 4093 also
368 4044 487 4107 Her-bert,
503 4059 535 4094 au
547 4059 606 4105 eye·

139 4116 255 4247 1plantasti,
265 4114 335 4177 apud
348 4115 485 4177 Batonius,
493 4114 543 4163 vol.
550 4115 604 4163 xix.
665 4110 676 4140 ³
688 4107 828 4172 ‘Francii3’
839 4113 878 4161 M.
