2896 4860
528 415 708 464 aurnuns.
1049 401 1094 464 53

139 570 310 652 usquead
327 571 535 653 papilionem
553 575 728 657 proprium
743 574 970 639 deduxerunt.
1011 573 1092 653 Quo

140 670 326 748 mediante,
353 670 490 736 favente
519 673 681 751 Domino,
705 675 795 739 inter
824 694 923 757 reges
954 693 1024 757 pax
1055 682 1091 739 et

139 769 326 834 concordia
338 772 579 838 reformantur.
610 773 690 838 Hoc
702 774 987 852 annoHenricus,
997 774 1089 838 filius

139 870 233 952 regis
255 868 450 953 Anglornm
472 872 658 954 septennis
677 875 772 956 prius
799 874 834 937 in
859 873 1089 952 Normannia,

134 972 175 1033 et
192 974 315 1052 postea
335 970 371 1034 in
386 968 529 1052 Anglia,
554 972 714 1054 homagia
736 979 772 1037 et
784 973 968 1037 fidelitates
989 974 1090 1038 baro-

140 1087 222 1132 num
248 1066 465 1154 militumque
488 1073 652 1155 suscepit.
704 1072 900 1137 Willelmus
927 1072 1088 1138 Dalfinus

138 1174 174 1232 et
201 1168 450 1252 Forojuliensis
474 1172 616 1236 comites
640 1171 761 1236 fraude
788 1172 964 1236 civitatem
994 1172 1088 1255 Lug-

139 1267 327 1332 dunensem
347 1269 606 1354 archiepiscopo
627 1272 857 1350 abstulerunt,
884 1290 988 1354 quam
1010 1292 1088 1337 cnm

135 1366 228 1431 idem
257 1368 535 1451 archiepiscopus
563 1390 625 1453 per
655 1391 770 1454 regem
799 1371 1009 1435 Francorum
1038 1392 1088 1436 re-

138 1466 266 1531 habere
287 1487 356 1532 non
378 1477 497 1551 posset
510 1469 554 1533 ad
576 1470 817 1554 imperatorem
840 1490 879 1535 se
899 1471 1087 1548 transtulit

138 1566 201 1650 qni
222 1566 332 1631 eidem
355 1569 554 1651 praedictam
572 1571 725 1634 restituit
741 1571 928 1635 civitatem.
982 1571 1029 1635 Et
1043 1590 1088 1635 ex

138 1676 222 1731 tuuc
245 1667 524 1751 archiepiscopus
546 1670 722 1734 civitatem
741 1670 783 1733 dc
805 1671 1012 1753 imperatore
1037 1679 1088 1735 te·

137 1768 236 1847 nuit3
259 1769 418 1850 quamvis
440 1769 528 1833 citra
551 1768 734 1834 Rodanum
758 1770 837 1847 sita,
859 1769 1018 1835 videatur
1045 1770 1088 1834 ad

137 1861 270 1949 regem¹
292 1867 449 1933 Francius
463 1868 645 1950 pertinere.

151 2093 177 2128 l).
191 2093 216 2129 ll.
228 2094 247 2129 J.
258 2095 281 2130 (l.
375 2096 572 2133 alsemannum
587 2098 612 2133 R.
720 2098 872 2134 rathenans!
923 2097 1063 2134 hactonus!

143 2150 285 2220 W
303 2184 448 2220 amarunt
459 2184 501 2221 111.
518 2184 651 2220 FREDERICI
663 2185 682 2222 1.
708 2183 822 2220 honours!
837 2183 884 2221 vn.

984 2246 1000 2290 9

188 2374 323 2438 Mansa
352 2373 535 2451 Jannario,
566 2375 740 2439 Henricus
768 2393 830 2437 rex
860 2374 896 2437 in
923 2374 1085 2458 Angliam
1100 2397 1175 2439 nun

136 2475 387 2540 transfretavit.
440 2474 616 2539 Robertus
639 2475 681 2539 de
705 2472 909 2538 Montesorti
931 2483 967 2540 et
990 2452 1181 2540 Heu-“⁸¹³²

137 2576 230 2639 ricus
260 2575 304 2639 de
333 2574 483 2639 Essexia
506 2574 621 2639 duello
652 2574 883 2651 decertarunt,
913 2595 975 2656 pro
1003 2576 1087 2657 fuga

136 2674 248 2758 praelii
268 2681 392 2740 contra
409 2667 644 2753 ²Gualenses3
667 2674 702 2736 in
720 2693 788 2756 quo
805 2673 894 2737 idem
912 2673 1087 2740 Henricus

137 2774 300 2840 deficiens
316 2773 548 2839 exheredatus
572 2781 636 2851 est,
661 2781 696 2838 et
712 2773 896 2855 Radingiae
918 2773 954 2836 in
970 2794 1088 2851 mona,

135 2874 237 2941 chum
253 2881 466 2939 tonsoratus.
516 2873 700 2938 Waleuses
718 2874 791 2955 regi
808 2893 870 2954 pro
888 2873 988 2937 libitu
1005 2876 1086 2938 suh·

132 2975 317 3059 juguntur.
353 2967 579 3038 ³Malcolmus
597 2974 777 3037 Scotorum
796 2991 858 3035 rex
874 2972 955 3037 fecit
969 2973 1087 3038 homa·
1099 2993 1230 3037 unermor

137 3076 233 3158 gium
264 3073 418 3139 Henrico
448 3073 540 3155 regis
569 3071 708 3155 Angliae
737 3071 831 3151 filio;
869 3081 903 3136 et
935 3072 1030 3139 dedit
1055 3075 1086 3138 ei
1098 3046 1249 3198 gaefflliff

136 3174 286 3252 obsides,
312 3173 443 3239 scilicet
467 3172 581 3238 David
608 3173 747 3236 fratrem
776 3190 874 3235 suum
900 3172 1086 3256 juniorem,
1098 3146 1166 3236 illi‘
1172 3147 1187 3186 ¹
1231 3158 1241 3187 ¹

137 3283 173 3340 et
190 3274 357 3359 quosdam
378 3274 420 3338 de
446 3273 525 3337 liliis
548 3273 715 3336 baronum
740 3291 893 3348 suorum,
915 3292 978 3355 pro
1001 3293 1087 3356 pace

137 3374 299 3453 tenenda,
328 3382 363 3439 et
394 3374 437 3437 de
465 3372 617 3437 castellis
646 3371 718 3436 suis
743 3390 821 3453 quae
855 3390 916 3434 rex
947 3372 1088 3439 volebat

136 3476 271 3541 habere.
324 3474 447 3538 Mense
465 3473 596 3538 Martio
618 3471 704 3537 ohiit
718 3490 780 3533 rex
796 3470 988 3536 Jerusalem
1006 3473 1087 3536 Bal-

136 3576 291 3641 dewinus
318 3575 452 3650 tertius,
476 3581 511 3637 et
532 3571 697 3636 successit
718 3563 928 3634 ⁴Amalricus
950 3590 1085 3652 germa-

138 3695 203 3740 nus
233 3674 397 3759 ejusdem.
450 3672 545 3737 Huic
572 3671 773 3736 Baldewino
799 3689 820 3733 a
847 3689 995 3753 superna
1018 3672 1086 3736 cle·

137 3775 268 3840 mentia
296 3792 495 3838 concessum
521 3780 607 3856 erat,
634 3778 674 3835 ut
701 3768 909 3834 Ascalonem
935 3778 1085 3852 caperet,

137 3883 174 3940 et
186 3873 369 3957 Agarenos
391 3872 592 3956 expelleret,
616 3878 651 3934 et
666 3870 783 3934 divino
798 3870 939 3934 servitio
956 3872 1085 3933 manci·

171 4141 179 4173 ¹
196 4135 341 4203 ‘regnumf
355 4141 415 4189 Cod.
429 4139 492 4201 Reg.
507 4141 557 4188 Ox.
658 4134 668 4163 ³
686 4130 881 4193 ‘Malcolinus3’
894 4128 962 4182 Μ.

171 4209 182 4240 ‘
196 4206 371 4272 ‘walensem'
383 4210 423 4261 M.
434 4214 459 4259 et
470 4208 517 4260 Ar.
659 4204 669 4234 ⁴
685 4200 844 4266 ‘Almarus3'
860 4206 920 4254 Cod.
933 4203 998 4266 llcg.
1012 4206 1063 4256 Ox.
