2896 4860
542 395 721 445 nunnius.
1040 380 1106 444 349

155 552 198 617 ad
223 553 406 619 homicidia
424 563 459 619 et
482 555 551 620 alia
571 556 697 622 damna
713 555 956 640 perpetranda,
980 565 1015 620 et
1034 564 1102 619 ter·
1115 567 1245 660 amm

155 674 228 717 ram
254 655 393 734 Scotiae,
418 676 495 739 quae
518 665 571 721 est
590 656 632 721 de
659 657 760 721 feodo
784 676 859 732 suo,
882 663 1004 721 contra
1024 670 1244 719 eumuauwd·

154 756 351 832 muniendo,
382 764 549 838 ponentes
579 764 615 821 et
646 757 861 822 stabilientes
894 764 1016 839 gentes
1046 776 1102 821 ar-

156 864 267 919 matas
295 857 330 919 in
355 856 459 935 villis,
489 856 624 935 castris,
656 864 691 923 et
719 856 814 934 alibi,
847 857 890 921 ad
922 855 1102 920 defenden-

155 955 234 1019 dam
262 964 388 1020 terram
417 965 540 1021 contra
564 977 655 1035 eum,
681 964 717 1021 et
744 956 997 1022 defortiandum
1024 976 1102 1020 eum

157 1055 199 1119 de
220 1055 321 1120 seodo
347 1076 426 1137 suo;
454 1077 517 1140 pro
541 1059 665 1140 quibus
690 1058 1021 1139 transgressionibus
1044 1056 1103 1121 do-

157 1157 270 1219 minus
297 1166 413 1221 noster
438 1178 500 1221 rex
528 1156 666 1240 Angliae
695 1157 902 1235 antedictus,
927 1158 1103 1239 ingressus

159 1263 286 1320 terram
303 1257 441 1335 Scotiae,
457 1259 492 1321 in
510 1257 710 1322 fortitudine
726 1278 791 1323 sua
803 1278 878 1322 eam
895 1257 1105 1341 conquisivit

158 1365 193 1421 et
216 1358 319 1440 cepit,
341 1377 408 1421 non
433 1359 592 1422 obstante
615 1357 708 1423 omni
729 1378 771 1422 eo
797 1358 888 1441 quod
907 1357 1020 1422 lacere
1042 1376 1104 1440 po·

158 1457 285 1523 tuinrus
309 1465 431 1522 contra
448 1478 553 1537 eum;
580 1460 672 1523 sicut
694 1467 808 1541 potest
829 1459 872 1523 de
894 1457 975 1542 jure
992 1457 1105 1522 lacere

160 1564 326 1642 tanquam
360 1558 517 1622 dominus
548 1558 591 1623 de
624 1559 724 1623 feodo
757 1578 833 1636 suo,
865 1559 948 1641 quia
977 1577 1042 1622 nos
1072 1558 1105 1622 ei

160 1657 356 1740 homagium
388 1667 542 1723 nostrum
567 1659 787 1733 reddidimus,
815 1667 850 1723 et
878 1658 1020 1722 fecimus
1050 1677 1103 1721 re-

160 1758 342 1823 bellionem
364 1759 585 1823 antedictam·
638 1758 714 1824 Nos
735 1759 841 1841 igitur
863 1758 1052 1823 existentes
1069 1758 1104 1821 iu

159 1859 261 1942 plena
283 1867 455 1941 potestate
478 1866 608 1935 nostra,
631 1867 666 1925 et
690 1859 800 1923 libera
822 1859 1011 1934 voluntate,
1030 1858 1107 1922 red·

159 1959 306 2022 didimus
330 1960 361 2023 ei
382 1967 508 2024 terram
531 1959 656 2023 Scotiae
678 1968 714 2024 et
733 1967 871 2041 gentem
894 1967 1003 2023 totam
1027 1979 1105 2023 cum

159 2059 337 2141 homagiis.
408 2059 450 2122 In
485 2058 585 2143 cujus
617 2059 666 2122 rei
694 2060 929 2125 testimonium
964 2059 1105 2123 fecimus

159 2160 232 2223 fieri
263 2159 326 2223 has
362 2158 497 2223 litteras
531 2166 700 2241 patentes.
759 2153 872 2224 ¹Data
905 2159 996 2242 apud
1029 2158 1107 2224 Bri·

159 2259 238 2323 chin
261 2260 393 2324 docimo
415 2260 470 2323 die
487 2258 510 2323 J
514 2259 587 2337 ulii,
610 2260 706 2341 regni
729 2260 838 2323 nostri
859 2278 949 2323 auno
969 2266 1106 2340 quarto,

159 2361 363 2442 consignata
399 2360 529 2437 littera,
568 2359 747 2442 fractoque
784 2359 901 2442 sigillo
933 2360 1104 2424 communi

159 2461 311 2525 Scotiae.'

210 2560 385 2625 Processit
400 2580 462 2625 rex
479 2569 517 2625 ut
532 2561 662 2626 videret
679 2568 844 2625 montana
859 2560 998 2638 Scotiae,
1016 2578 1104 2643 prae·
1117 2579 1225 2622 meum

1131 2632 1242 2681 rogmnln

158 2661 299 2726 cedente
323 2681 402 2725 eum
424 2681 559 2744 semper
582 2683 643 2745 per
665 2680 769 2724 unam
792 2660 920 2725 dietam
943 2662 1105 2744 episcopo
1117 2643 1231 2772 {21:334

160 2762 398 2826 Dunelmensi.
451 2759 606 2845 Cumque
631 2762 814 2827 transisset
840 2761 1048 2836 Moraviam‚
1071 2768 1105 2825 et
1118 2783 1186 2823 mnu
1195 2783 1220 2822 or

159 2863 373 2945 pervenisset
404 2880 514 2945 usque
545 2856 679 2946 ²Elgin,
723 2862 838 2925 omnia
879 2861 999 2925 videus
1030 2832 1222 2925 esse⁸⁰⁰¹¹¹¹¹⁶'

159 2972 296 3047 pacata,
329 2982 496 3028 converso
524 2963 647 3027 itinere
669 2964 854 3027 revertitur
882 2960 1104 3026 Berewicum.

160 3064 202 3127 ln
237 3063 410 3128 redeundo
439 3071 554 3128 autem
576 3058 755 3128 ³transivit
780 3082 842 3146 per
867 3061 1041 3125 abbatiam
1063 3060 1240 3172 depasuoffng

158 3164 282 3241 Scone,
312 3164 372 3227 ubi
399 3164 537 3228 sublato
564 3163 678 3246 lapide
700 3182 770 3246 quo
797 3182 897 3245 reges
924 3162 1106 3227 Scotorum
1117 3142 1227 3282 iiiiii}

160 3272 312 3347 tempore
343 3264 575 3329 coronationis
603 3264 760 3329 solebant
792 3265 843 3327 uti
874 3282 937 3346 pro
970 3262 1106 3340 throno,
1118 3287 1222 3374 :mn

159 3385 269 3448 usque
284 3364 630 3428 westmonasterium
651 3363 828 3428 transtulit
852 3364 961 3441 illum,
979 3363 1106 3448 jubens
1118 3388 1167 3431 mr.
1177 3385 1237 3424 tim

1117 3438 1140 3474 to
1148 3444 1209 3473 serre
1217 3445 1242 3474 ιι

158 3465 236 3529 inde
266 3465 340 3528 lieri
372 3463 617 3527 celebrantium
649 3462 847 3527 cathedram
876 3463 1244 3527 sacerdotum-numm

161 3564 239 3630 Rex
272 3564 363 3647 apud
399 3563 614 3627 Berewicum
645 3570 837 3627 convocato
867 3562 1107 3644 parliamento,
1117 3534 1261 3635 ‘dim‘

158 3664 310 3729 omnium
347 3672 547 3745 magnatum
585 3663 712 3729 Scotiae
758 3662 943 3727 fidelitates
977 3662 1108 3744 recepit

158 3774 194 3830 et
220 3764 404 3847 homagia3
440 3764 499 3847 qui
527 3762 571 3828 ad
600 3765 650 3828 rei
672 3770 781 3852 gestae
807 3762 1005 3827 memoriam
1028 3782 1107 3845 per·

157 3876 298 3949 petuam
320 3864 541 3929 confecerunt
562 3884 666 3948 super
694 3864 759 3928 hoc
779 3862 914 3927 litteras
936 3869 1108 3945 patentes,

192 4082 338 4133 ¹‘Donees
364 4098 381 4132 a
409 4082 573 4145 Kyncardyn,
596 4083 620 4133 le
680 4074 836 4145 ²‘Eilgim’
857 4080 917 4129 Cod.
927 4079 1002 4142 Reg„
1012 4078 1069 4143 Aa,
1082 4084 1107 4129 et

157 4154 253 4204 secund
267 4155 370 4217 jourde
386 4154 442 4214 Jul,
459 4149 509 4203 l'au
520 4153 552 4202 de
564 4168 620 4202 uos·
647 4153 693 4203 Ar.
705 4159 763 4204 220.

157 4230 194 4274 tre
206 4239 282 4287 regne
294 4230 368 4286 quart
378 4219 393 4283 ;'
406 4225 479 4285 ltym.
491 4225 520 4273 ii.
530 4226 589 4273 718.
682 4221 692 4253 ³
707 4222 872 4281 ‘transmisit5
892 4215 961 4269 ΠΛ.
