2896 4860
362 377 428 443 350
719 395 791 443 mc,
807 395 954 443 rnrvnrr

363 573 482 618 eorum
516 552 640 635 sigillis
673 553 836 630 munitas,
864 552 1082 617 continentes
1110 551 1145 614 in
1176 550 1314 616 Gallico

365 653 455 718 hunc
472 661 644 719 tenorem:

414 754 613 818 ‘Omnibus
639 761 828 837 praesentes
853 752 988 817 litteras
1018 752 1144 817 visuris
1173 751 1227 816 vel
1253 771 1314 815 au·

363 854 498 933 ditun's,
516 853 539 918 J
542 874 672 919 oannes
690 852 812 919 Comin
838 853 881 916 de
904 853 1082 931 Badeuau,
1100 861 1165 917 etc.
1219 851 1314 930 Quia

364 955 409 1019 ad
439 955 540 1020 tidem
573 963 609 1020 et
648 954 861 1019 voluntatem
896 953 1119 1018 illustrissimi
1147 953 1312 1037 principis

364 1075 406 1120 ac
425 1055 591 1120 carissimi
614 1054 742 1119 domini
765 1054 872 1119 nostri
898 1054 1027 1118 domini
1050 1053 1221 1130 Edwardi‚
1241 1054 1312 1118 Dur

364 1157 479 1237 gratia
502 1156 593 1238 regis
614 1154 765 1237 Angliee,
784 1155 912 1218 domini
936 1154 1129 1233 Hiberniae,
1150 1174 1192 1219 ac
1215 1154 1312 1218 ducis

365 1255 565 1339 Aquitaniae
587 1258 768 1333 venimus;
805 1255 1037 1337 promittimus
1063 1275 1125 1338 pro
1151 1255 1250 1319 nobis
1278 1264 1313 1320 et

364 1355 545 1421 heredibus
576 1357 704 1421 nostris
732 1357 797 1420 sub
831 1374 935 1439 poena
962 1374 1142 1438 corporum
1174 1363 1310 1420 nostro·

365 1477 441 1521 rum
460 1465 496 1521 et
517 1457 720 1522 catellorum
741 1475 783 1520 ac
805 1456 955 1520 omnium
979 1475 1057 1539 quaa
1080 1455 1205 1521 habere
1232 1475 1312 1539 pos·

364 1576 495 1635 sumus,
522 1557 615 1640 quod
640 1576 703 1621 nos
730 1556 917 1621 serviemus
939 1557 971 1620 ei
998 1558 1083 1620 hene
1107 1565 1144 1620 et
1167 1556 1314 1621 fideliter

364 1666 487 1722 contra
515 1676 633 1721 omnes
662 1665 782 1739 gentes
809 1676 887 1740 quaa
915 1657 1032 1721 vivere
1058 1666 1093 1721 et
1119 1658 1206 1721 mori
1234 1676 1312 1740 pos·

365 1766 459 1835 sunt,
489 1758 648 1821 omnibus
682 1757 815 1821 vicibus
847 1755 971 1839 quibus
1010 1757 1222 1839 requiremur
1255 1757 1311 1821 vel

365 1859 631 1941 praemuuiemur
649 1878 711 1941 per
728 1857 940 1922 antedictum
962 1856 1136 1921 dominum
1156 1864 1311 1922 nostrum

365 1978 481 2040 regem
512 1956 663 2040 Angliae,
696 1958 750 2022 vel
782 1956 924 2022 heredes
953 1977 1046 2036 suos,
1075 1965 1109 2022 et
1135 1958 1226 2040 quod
1249 1977 1312 2022 nos

365 2078 434 2122 nou
462 2058 608 2122 sciemus
631 2058 793 2122 damnum
821 2078 951 2135 eorum,
985 2060 1067 2141 quin
1094 2058 1178 2122 illud
1205 2061 1312 2142 impe·

365 2157 501 2223 diurnus
527 2160 684 2223 omnibus
707 2159 837 2223 viribus
860 2158 998 2236 uostris,
1022 2166 1058 2222 et
1082 2178 1141 2223 eos
1165 2178 1312 2242 praemu-

365 2259 519 2339 niemus;
548 2267 584 2324 ct
609 2258 653 2323 ad
675 2261 744 2324 ista
766 2258 914 2323 tenenda
931 2267 966 2323 et
986 2259 1157 2323 servanda
1180 2260 1313 2342 obliga·

368 2379 445 2424 mus
478 2379 554 2438 nos,
590 2368 626 2423 et
657 2359 799 2424 heredes
830 2367 979 2435 nostros,
1012 2368 1047 2424 et
1078 2360 1193 2423 omnia
1222 2361 1313 2424 bona

367 2466 499 2524 nostra.
575 2459 723 2542 Insuper
756 2469 791 2524 et
820 2459 1028 2544 juravimus
1061 2460 1164 2525 tactis
1198 2479 1313 2525 sacro·

366 2561 497 2624 sanctis
527 2560 739 2642 evaugelii83
773 2568 809 2624 et
834 2568 1003 2643 praeterea
1034 2579 1096 2624 nos
1132 2580 1249 2625 omnes
1278 2571 1313 2626 et

367 2660 511 2742 quilibet
546 2669 700 2724 nostrum
727 2679 789 2743 pro
817 2679 855 2722 se
878 2660 959 2724 fecit
989 2659 1185 2742 homagium
1220 2662 1313 2726 dicto

368 2761 506 2825 domino
523 2762 596 2843 regi
613 2758 753 2842 Angliae
768 2761 803 2824 in
820 2759 895 2824 haec
913 2762 1037 2824 verba:

418 2861 516 2942 ‘Ego
543 2869 659 2925 vester
680 2860 782 2925 homo
805 2860 909 2943 ligius
936 2859 1075 2936 efficior,
1101 2860 1143 2925 de
1167 2861 1251 2938 vita,
1278 2871 1313 2926 et

367 2962 539 3039 membris,
563 2981 604 3025 ac
629 2968 764 3025 terreno
794 2960 934 3037 honore,
963 2969 1083 3026 contra
1109 2981 1227 3026 omnes
1253 2961 1313 3027 ho·

368 3062 476 3124 mines
504 3063 563 3144 qui
591 3070 737 3144 possunt
768 3062 884 3126 vivere
912 3070 948 3126 ct
972 3062 1079 3126 mori.'
1152 3062 1196 3126 Et
1222 3062 1313 3126 idem

367 3161 525 3225 dominus
551 3170 669 3226 noster
694 3182 755 3226 rex
778 3163 907 3244 recepit
934 3162 999 3227 hoc
1029 3162 1225 3244 homagium
1248 3164 1314 3227 suh

367 3262 420 3326 his
442 3262 579 3326 verbis:
608 3261 703 3327 ‘Nos
725 3262 810 3326 illud
834 3263 1017 3344 recipimus
1042 3282 1105 3345 pro
1131 3264 1243 3340 terris,
1271 3263 1315 3327 de

367 3363 492 3446 quibus
515 3364 598 3427 estis
623 3383 714 3427 nnnc
738 3364 858 3442 seisiti,
886 3364 985 3427 salvo
1001 3364 1081 3447 jure
1107 3370 1226 3428 nostro
1252 3372 1314 3428 aut

367 3464 521 3541 alterius,
539 3472 575 3528 et
592 3464 748 3547 exceptis
769 3464 868 3528 terris
886 3482 973 3546 quas
990 3462 1013 3527 J
1017 3482 1146 3528 oannes
1169 3463 1211 3528 de
1229 3463 1313 3528 Bal-

367 3563 448 3629 liolo
474 3566 647 3648 quondam
673 3585 735 3629 rex
758 3564 884 3629 Scotiae
907 3564 1006 3628 nobis
1036 3564 1195 3640 contulit,
1220 3573 1312 3647 post·

367 3685 470 3749 quarn
511 3685 575 3730 nos
607 3666 639 3728 ci
673 3685 815 3746 regnum
849 3664 975 3730 Scotiae
1017 3665 1250 3743 liberavimus,
1282 3666 1312 3730 si

366 3765 455 3830 forte
483 3765 618 3848 aliquas
640 3771 750 3827 terras
773 3763 890 3828 dedit?
942 3765 1091 3850 Insuper
1108 3784 1170 3829 nos
1196 3784 1314 3830 omnes

366 3873 403 3930 et
436 3865 564 3947 singuli
595 3869 750 3927 nostrum
782 3883 845 3947 pro
871 3882 908 3927 se
938 3864 1080 3930 fecimus
1112 3865 1313 3931 fidelitatem

366 3965 505 4030 domino
537 3973 667 4041 nostro,
706 3964 780 4047 regi
812 3964 989 4046 praedicto,
1023 3966 1059 4029 in
1089 3965 1143 4030 his
1174 3968 1311 4032 verbis:

366 4064 459 4129 ‘Ero
486 4065 607 4143 tidelis,
630 4065 764 4148 legalis,
792 4064 1061 4148 fidelitatemque
1091 4073 1126 4131 et
1158 4066 1314 4149 legalita-

366 4172 435 4229 tem
464 4168 610 4231 servabo
639 4166 810 4231 Edwardo
842 4166 913 4248 regi
943 4165 1094 4250 Angliae,
1119 4175 1155 4231 et
1184 4167 1313 4232 heredi·
