2896 4860
577 401 760 450 Anninus,
1071 386 1136 450 129

179 550 457 621 Christianorum
482 558 658 635 nobilium,
685 567 719 623 et
748 559 955 640 quingentos
978 561 1135 642 captivo·

178 674 256 719 rum
287 655 497 735 interiorum,
536 660 587 722 ita
619 658 711 742 quod
753 660 884 723 obsessi
918 660 1132 740 egredientes

179 754 268 819 nibil
284 762 411 839 praeter
425 759 584 822 camisias
607 767 835 841 asportarent,
859 759 1049 841 darentque
1071 781 1133 843 pro

180 854 416 938 redemptione
433 859 586 940 capitum
604 877 745 922 suorum
766 859 1045 924 Saracenicorum
1065 860 1134 924 dno

179 955 291 1019 millia
308 956 527 1034 talentorum,
547 967 582 1023 ct
596 978 701 1042 super
717 958 770 1022 his
787 959 932 1023 fideliter
949 960 1134 1025 observan-

179 1055 235 1119 dis
260 1055 436 1121 traderent
465 1058 602 1123 obsides
633 1059 815 1123 nobiliores
846 1058 1039 1123 Turcorum
1072 1061 1131 1143 qui

180 1155 419 1221 invenirentur
432 1157 468 1220 in
482 1158 576 1224 urbe.
613 1159 681 1223 His
697 1159 949 1224 conditionibus
963 1159 1133 1235 admissis,

182 1254 318 1320 reddita
342 1264 396 1320 est
418 1258 557 1339 regibus
586 1259 709 1323 civitas
731 1253 867 1323 1Αοιιοιι
901 1265 1026 1342 quarto
1056 1259 1133 1322 idus

181 1354 284 1433 Julii,
306 1362 342 1421 et
356 1356 492 1421 obsides
515 1358 645 1422 traditi.
693 1359 752 1422 Fit
767 1360 874 1440 igitur
896 1378 997 1441 aequa
1019 1358 1134 1422 distri-

180 1455 280 1520 butio
305 1455 477 1536 civitatis3
505 1457 540 1520 in
566 1466 693 1522 sortem
724 1460 814 1541 regis
843 1459 999 1524 Franciae
1029 1460 1134 1523 cessit

180 1555 458 1638 Templariorum
473 1558 588 1622 nobile
599 1559 778 1641 palatium,
789 1559 862 1640 regi
874 1557 1025 1622 Rieardo
1039 1558 1133 1640 pala-

183 1657 270 1720 tium
299 1656 429 1738 regale,
460 1657 497 1719 in
527 1677 595 1740 quo
624 1659 762 1740 reginas
790 1677 932 1722 uxorem
957 1659 1074 1741 posuit
1099 1666 1134 1721 et

183 1774 356 1821 sororem:
384 1775 555 1821 armorum
580 1776 716 1841 quoque
738 1764 773 1820 et
796 1758 995 1822 victualium
1019 1776 1135 1840 reper-

182 1864 298 1921 torum
335 1864 370 1920 et
409 1856 564 1921 obsidum
603 1856 905 1940 proportionaliter
934 1858 1135 1922 divisionem

183 1956 377 2020 sortiuntur
392 1957 572 2040 aequalem.

235 2054 322 2120 Post
345 2055 419 2120 dies
441 2076 570 2139 paucos
592 2057 682 2122 inter
703 2077 802 2140 roges
821 2055 938 2139 gravis
963 2058 1235 2122 suborituroueoa

181 2154 367 2233 discordia,
384 2157 463 2220 dum
481 2177 543 2221 rex
562 2157 773 2222 Francorum
798 2156 964 2222 Marcbisi
987 2165 1135 2240 partem,
1147 2131 1227 2228 ῗῗῖιῖῗ
1219 2128 1288 2218 ortho

184 2256 393 2321 vindicantis
416 2276 562 2338 regnum
585 2257 792 2334 Jerusalem,
819 2258 934 2333 fovet3
965 2256 1136 2322 Ricardus
1148 2228 1278 2329 effi-ned

184 2374 268 2421 vero
284 2375 346 2420 rex
363 2364 495 2439 partem
509 2356 698 2422 Gnidonis:
719 2377 798 2440 quae
810 2365 924 2421 tamen
926 2377 1136 2439 ,-procuran

186 2455 280 2520 tibus
296 2455 380 2521 viris
393 2457 563 2534 diseretis
582 2456 635 2521 bis
652 2457 905 2521 conditionibus
923 2456 1135 2539 conquievit3

187 2554 358 2633 videlicet,
386 2564 427 2620 ut
450 2556 565 2622 Gnido
595 2557 725 2639 regiam
753 2557 922 2622 obtineret
956 2556 1000 2621 ad
1030 2557 1137 2621 vitam

187 2653 404 2738 dignitatem,
431 2656 628 2722 Marcbisus
651 2677 744 2735 vero,
767 2659 826 2740 qui
855 2657 952 2738 regni
978 2656 1137 2721 heredem

186 2754 347 2831 duxerat,
379 2755 521 2822 haberet
549 2750 752 2822 ²comitatus
782 2757 879 2840 Tyri,
912 2756 1072 2840 Sydonis,
1102 2765 1138 2821 et

189 2853 336 2933 Barnth,
365 2856 595 2940 defunctoque
624 2857 785 2923 Gnidone
817 2857 915 2939 regni
945 2857 1138 2921 diademate

186 2955 420 3038 insigniretur.
473 2956 576 3037 Quod
599 2959 628 3021 si
652 2957 846 3022 Gnidonem
867 2965 903 3021 et
925 2957 1138 3021 Marcbisum

189 3074 267 3121 cum
297 3056 445 3141 conjuge
471 3058 688 3139 contingeret
711 3058 869 3121 humanis
895 3057 998 3120 rebus
1021 3056 1139 3133 eximi,

189 3155 271 3220 dum
298 3175 361 3220 rex
393 3157 564 3222 Ricardus
589 3159 625 3221 in
652 3159 809 3241 partibus
838 3157 907 3221 illis
936 3164 1138 3233 moraretur,

191 3255 265 3340 ipse
282 3255 325 3319 de
338 3275 447 3339 regno
463 3257 637 3322 ordinaret
651 3265 689 3321 ut
703 3258 914 3322 commodius
927 3256 1110 3320 videretur.

240 3355 417 3421 Exeunte
429 3359 548 3441 itaque
574 3377 691 3422 mense
714 3357 815 3431 Julii,
840 3376 901 3419 rex
929 3357 1138 3420 Francorum
1153 3385 1253 3476 ιιιΡη

191 3457 381 3539 repatriare
423 3457 607 3541 disponens
652 3458 771 3521 ducem
813 3455 1025 3537 Burgundiae
1064 3440 1267 3527 Ιοοοὶιῗῖᾇῖἒ..ιο

192 3574 256 3621 sno
273 3555 422 3639 reliquit.
474 3555 567 3621 Ante
583 3566 698 3621 tamen
713 3557 901 3620 discessum
925 3574 1036 3631 suum,
1059 3573 1140 3618 con-

192 3663 316 3722 ventus
339 3675 362 3720 a
384 3676 467 3738 rege
496 3656 648 3721 Ricardo
678 3658 721 3720 de
753 3663 873 3719 mutua
906 3655 1142 3719 conservanda

192 3755 358 3821 fidelitate
379 3756 588 3833 securitatis,
607 3757 739 3841 juravit
761 3755 852 3837 quod
871 3755 942 3817 suis
964 3761 1025 3817 aut
1041 3761 1142 3818 terrae

192 3874 263 3920 suae
285 3874 355 3919 non
378 3865 516 3921 noceret
538 3856 702 3939 quamdiu
718 3875 779 3918 rex
792 3854 969 3919 aicardus
987 3855 1022 3917 in
1045 3872 1141 3937 pere-

192 3955 389 4037 grinatione
414 3963 581 4033 maneret,
605 3975 667 4020 nec
693 3956 798 4019 etiam
825 3963 903 4037 post
929 3954 1076 4019 reditum
1106 3955 1141 4017 in

978 4106 1140 4115 —-—-·-—

309 4188 317 4221 ¹
333 4185 456 4251 ‘Acten'
474 4189 516 4239 rr.
526 4189 569 4240 Tr.
654 4184 659 4256 Ι
746 4185 756 4215 ¹
771 4188 934 4239 ‘comitatum
945 4183 961 4247 ;'
973 4185 1020 4236 Ar.

972 4292 993 4341 K
