2896 4860
506 433 688 482 eunucus.
1005 422 1071 486 405

120 591 282 655 reducere
299 592 342 655 ad
359 593 463 669 ovile,
481 613 596 675 regem
624 594 837 658 Francorum
866 613 934 657 non
951 601 1068 676 peten-¹

121 697 190 754 tem
214 711 236 754 a
257 694 430 758 sententia
451 694 829 772 excommunicationis,
853 713 914 776 per
935 694 1068 776 praede-

121 810 291 855 cessorem
308 812 408 856 suum
425 793 548 859 latam
565 814 655 871 eum,
672 794 832 858 absolvit.

172 891 251 955 Rex
269 893 427 957 Franciec
444 895 561 958 abbati
574 893 794 959 cisterciensi
812 894 974 970 offensus,
984 893 1065 976 quia
1079 913 1204 965 ιιιιρμι.

121 992 157 1055 in
177 992 443 1076 appellationem
467 1002 588 1058 contra
609 1013 733 1078 papam
760 994 976 1059 Bonilacium
994 965 1212 1058 ιιοιιὅῗῖἷῖῗοίιῖιῗῗο

120 1101 354 1171 consenserat,
379 1095 495 1158 omnia
521 1094 730 1159 monasteria
753 1094 907 1179 ejusdem
935 1093 1066 1158 ordinis

122 1191 158 1254 in
174 1212 281 1274 regno
297 1192 455 1257 Franciae
476 1197 667 1259 constituta
684 1188 692 1226 ¹
698 1195 883 1277 plurimum
906 1193 1068 1258 molesta-

122 1291 194 1371 rit3
227 1295 485 1376 propterquod
516 1296 623 1358 abbas
657 1295 749 1358 ultro
776 1294 934 1376 regimini
962 1295 1067 1358 cessit

122 1391 252 1456 ordinis
274 1393 339 1456 sui.
391 1393 575 1459 Dominica
598 1402 677 1459 ante
695 1394 820 1459 festum
845 1395 939 1459 heati
956 1393 1065 1459 Joan-

123 1492 177 1555 nis
196 1492 377 1576 Baptistae,
397 1495 488 1577 apnd
508 1493 724 1572 Pussiacum,
743 1493 967 1560 carnotensis
982 1493 1069 1557 dioe-

123 1592 223 1669 cesis,
241 1593 364 1675 positae
380 1601 461 1659 sunt
476 1614 612 1659 sorores
627 1594 770 1659 fratrum
788 1593 916 1658 ordinis
936 1593 1068 1658 Praedi-

123 1698 278 1756 catorum
293 1693 328 1756 in
343 1695 551 1759 monasterio
568 1715 590 1759 a
606 1714 688 1776 rege
706 1694 918 1759 Francorum
934 1694 1070 1758 noviter

124 1799 335 1870 constructo,
352 1794 388 1857 in
404 1793 532 1860 honore
546 1795 640 1858 heati
657 1793 830 1877 quondam
847 1795 939 1876 regis
958 1794 1069 1857 Fran-

124 1892 186 1956 ciae
206 1892 382 1959 Lodovici.
435 1894 502 1958 Die
528 1914 691 1959 nonarum
709 1894 733 1958 J
736 1894 795 1958 ulii
817 1895 961 1958 moritur
977 1913 1071 1976 papa

126 1992 334 2057 Benedictus
358 1993 514 2072 Perusii;
542 2002 621 2076 post
637 1993 736 2077 cujus
752 1994 884 2058 obitum
899 2014 975 2058 cum
994 2012 1070 2057 car-

126 2092 259 2157 dinales
281 2093 316 2156 in
337 2094 504 2158 electione
520 2093 645 2157 summi
667 2094 839 2177 pontificis
854 2094 1071 2170 dissiderent,

125 2192 310 2257 secundum
356 2194 636 2259 constitutionem
669 2187 849 2276 'Gregorii
887 2193 1073 2270 decimis

125 2293 259 2358 civibus
276 2294 539 2359 concluduntur.
581 2293 763 2377 Philippus
780 2314 842 2358 rex
860 2294 1072 2358 Francorum
1084 2317 1202 2409 ssffi,

127 2394 163 2456 in
180 2413 284 2458 mauu
301 2395 417 2459 valida
434 2395 552 2477 copias
571 2393 834 2458 Flandrensium
851 2394 961 2474 fudit;
982 2394 1073 2458 inter
1085 2418 1193 2460 ιιιηιιι

127 2513 215 2575 quos
243 2494 365 2558 cecidit
384 2493 581 2560 Willelmus
610 2494 652 2558 de
678 2493 702 2557 J
704 2494 848 2572 charus,
869 2495 929 2577 qui
955 2513 1073 2558 eorum
1086 2466 1236 2568 mai&

127 2594 329 2676 capitaneus
354 2595 468 2660 fuerat
498 2594 719 2659 constitutus
772 2593 1011 2659 Reddiderunt
1037 2612 1076 2657 se

127 2714 194 2758 nou
213 2695 323 2759 multo
340 2703 421 2778 post
437 2695 510 2777 regi
537 2695 753 2759 Francorum
768 2694 846 2760 dum
861 2695 953 2759 villae
971 2694 1075 2758 Flan-

128 2793 211 2857 driae
231 2796 375 2874 nobiles,
393 2795 515 2860 Insula
533 2802 568 2861 et
586 2795 758 2859 Duacnm.

146 3021 172 3059 D.
184 3022 209 3057 N.
220 3022 240 3057 J.
252 3022 276 3058 0.
362 3022 385 3058 Ρ.
398 3021 561 3057 hortatorium
573 3021 600 3058 a.
700 3020 855 3057 FRANOORUM
907 3017 1047 3054 suetonum

164 3109 255 3145 MOCCV.
311 3109 460 3145 taetrioris
515 3110 621 3146 thusam
631 3110 650 3146 1.

393 3201 400 3214 .
588 3201 595 3215 .
758 3169 800 3215 20.
957 3166 999 3210 88.

180 3310 266 3374 Rnx
291 3309 443 3389 Angliae,
460 3307 628 3373 ordinatis
654 3310 756 3373 rebus
783 3307 919 3381 Scotiae,
938 3304 1080 3370 reverti·

132 3412 238 3477 turin
252 3410 429 3492 Angliam,
442 3407 466 3471 J
469 3427 580 3472 oanne
596 3408 638 3472 de
656 3407 820 3489 Segrave,
838 3405 946 3470 milite
962 3404 1081 3481 nobili,

131 3510 275 3577 custode
301 3519 402 3575 terrae
430 3509 562 3573 relicto.
614 3501 830 3572 'Willelmus
849 3504 995 3582 Waleis,
1021 3504 1231 3622 quiwn'utl'na

132 3611 285 3676 Scotiam
302 3617 547 3686 commoverat,
565 3617 689 3691 captus
706 3604 906 3671 Londonias
923 3604 1079 3667 ducitur·
1072 3651 1080 3683 ,
1093 3620 1215 3672 „mea

133 3719 169 3777 et
185 3711 311 3776 ibidem
323 3709 536 3794 judicialiter
552 3708 815 3784 condemnatus,
831 3703 992 3796 trahitur,
1007 3720 1084 3765 sus·
1093 3669 1233 3820 ffiuzm

132 3812 305 3896 penditur,
324 3818 359 3876 et
376 3809 497 3873 ultimo
513 3808 727 3873 decollatur:
751 3806 852 3892 cujus
869 3812 974 3887 capnt
993 3801 1084 3867 Lon·
1095 3769 1238 3918 {iffi

168 4036 175 4066 ¹
193 4032 418 4098 ‘multipliciter3’
430 4035 470 4085 M.

166 4107 332 4170 '‘Gregorii
355 4120 441 4169 papa,
463 4104 600 4154 demuma
660 4098 756 4151 'Here
786 4101 825 4151 M.
847 4099 937 4163 begins
961 4099 1004 4148 the
1027 4112 1089 4160 year

134 4180 235 4229 civibus
246 4177 432 4228 concluduntur
442 4170 461 4237 ς’
474 4175 512 4226 M.
522 4191 528 4224 ι
545 4175 600 4222 ‘in·
625 4171 757 4223 MCCCV.

133 4243 300 4309 cluduntur
313 4248 361 4299 Ar.
372 4250 431 4299 aad.
