2902 5294
365 372 430 438 184
717 390 791 439 rue.
814 390 960 437 rnrvrrr

366 549 443 614 dem
470 569 562 613 anno
581 549 646 613 sub
670 549 782 612 edicto
809 548 947 631 publico
974 548 1110 631 praelati
1135 555 1172 614 et
1190 548 1318 625 clerici,

367 652 425 733 qui
455 649 615 714 cedentes
644 649 786 713 malitiae
814 656 1005 732 temporum
1032 647 1195 732 Angliam
1224 649 1319 713 dese

367 758 519 828 ruerant,
548 750 592 813 ad
624 751 764 834 propria
794 758 1018 815 revocantur:
1053 758 1203 815 castrum
1236 769 1319 816 vero

369 850 621 915 Londoniensis
643 851 808 933 episcopi,
826 849 918 933 quod
936 844 1164 915 ¹Scortesorde
1181 851 1319 929 dicitur,

205 968 390 1062 pcgffigepota
420 972 501 1033 rege
533 951 710 1016 evertitur.
771 947 972 1016 Alexander
1010 952 1101 1033 regis
1136 951 1320 1016 Scotorum

206 1072 344 1122 inniterer
368 1053 629 1137 primogenitus,
651 1050 848 1116 Londonias
863 1052 1017 1129 veniens,
1037 1072 1059 1115 a
1080 1071 1159 1134 rege
1181 1053 1204 1117 J
1208 1071 1320 1117 oanue

206 1122 330 1173 unguem.

368 1154 572 1218 militaribus
590 1154 695 1217 armis
712 1152 913 1234 accingitur.
967 1152 1191 1217 Innocentius
1213 1172 1319 1236 papa,

368 1255 487 1320 videns
521 1273 637 1336 regom
668 1253 841 1317 Joaunem
874 1252 1108 1317 ecclesiastica
1138 1252 1321 1338 disciplina

368 1354 564 1420 nullatenus
593 1352 751 1431 emolliri,
776 1354 916 1436 scripsit
939 1355 1013 1436 regi
1039 1353 1263 1432 Francorum,
1285 1363 1322 1419 et

368 1456 446 1520 aliis
470 1455 680 1539 principibus
708 1447 959 1532 'conterminis
984 1462 1024 1520 ut
1045 1474 1161 1536 regem
1179 1453 1319 1537 Angliae

368 1557 613 1641 inquietarent,
650 1563 822 1638 quatenus
858 1553 982 1619 saltem
1024 1575 1085 1638 per
1122 1554 1319 1640 hujusmodi

368 1658 499 1720 fractus
523 1656 725 1720 exercitium
751 1655 898 1737 rigorem
922 1654 1027 1719 animi
1049 1664 1253 1738 conceptum
1271 1675 1322 1720 re-

370 1758 533 1834 mitteret,
562 1765 598 1820 et
629 1756 671 1820 ad
708 1756 877 1820 Romanae
907 1756 1061 1820 ecclesiae
1092 1755 1322 1821 obedientiam

369 1857 497 1923 rediret
511 1855 623 1921 taediis
640 1867 675 1922 et
691 1856 861 1939 angustiis
878 1856 1030 1941 undique
1045 1855 1261 1921 molestatus.

421 1958 502 2023 Rex
534 1956 674 2040 quidam
706 1957 967 2034 Saracenorum,
1000 1951 1323 2022 ³Meramomelinus

371 2058 497 2135 dictus,
518 2058 603 2122 fines
626 2059 809 2141 Hispaniae
830 2076 907 2121 cum
930 2076 1056 2138 magno
1074 2066 1127 2122 est
1144 2058 1323 2139 ingressus

373 2159 527 2223 exercitu
542 2179 550 2234 3
577 2172 698 2223 contra
715 2179 817 2242 quem
834 2178 896 2221 rex
917 2156 1091 2235 Castellae,
1107 2159 1325 2222 venientibus

372 2260 403 2322 ei
422 2259 457 2321 iu
478 2258 686 2342 adjutorium
711 2260 850 2341 regibus
871 2258 1069 2340 Aragonum
1087 2266 1122 2323 et
1141 2257 1326 2336 Navarrae,

372 2358 572 2444 procedens,
608 2360 728 2442 praelio
764 2358 958 2436 commisso,
992 2360 1131 2423 favente
1162 2359 1326 2437 Domino,

371 2461 552 2525 victoriam
573 2462 722 2525 obtinuit
739 2467 774 2525 et
790 2459 1018 2541 triumphum:
1047 2459 1082 2522 in
1105 2459 1205 2544 cujus
1229 2480 1326 2544 pom·

371 2579 451 2644 pam
474 2581 537 2625 rex
560 2560 760 2643 Aragonum
787 2560 943 2624 lanceam
969 2567 1004 2624 et
1021 2560 1187 2624 vexillum
1210 2560 1328 2625 Mera·

372 2661 544 2726 momelini
578 2662 726 2726 Romam
758 2661 863 2737 misit,
895 2680 973 2744 quae
1005 2680 1116 2743 usque
1152 2660 1254 2725 hodie
1288 2661 1325 2725 iu

372 2763 465 2826 beati
493 2761 589 2826 Petri
615 2760 765 2845 apostoli
787 2761 930 2825 basilica
956 2769 1187 2825 reservantur.
1241 2761 1326 2826 Fer-

372 2862 513 2940 randus,
539 2862 630 2926 filius
656 2862 746 2944 regis
768 2860 994 2943 Portugaliae,
1022 2882 1167 2926 uxorem
1191 2861 1327 2945 accepit

372 2963 477 3027 filiam
491 2962 683 3027 Baldewini
700 2961 918 3046 imperatoris
932 2961 1325 3045 Constantinopolitani,

374 3062 547 3128 Flandriae
566 3063 788 3128 comitissam.

390 3281 415 3316 1).
429 3280 521 3316 mc.
608 3281 631 3317 Ρ.
644 3281 807 3317 Romanorum
820 3283 845 3317 ll.
947 3282 1101 3317 FRANOORUM
1123 3274 1127 3331 Ι
1155 3283 1295 3319 Anewttutt

402 3369 501 3406 nccxu.
532 3368 680 3404 innocuum
693 3368 732 3404 111.
746 3369 877 3405 rseuusrct
890 3371 918 3408 11.
944 3370 1055 3408 Purtrrrl
1071 3372 1100 3408 ll.
1171 3371 1277 3407 loturus

652 3461 659 3475 .
838 3462 845 3476 .
999 3433 1039 3478 at.
1120 3334 1126 3493 Ι
1206 3432 1246 3478 18.

424 3584 596 3651 Susourn
621 3586 711 3649 inter
736 3605 852 3667 regem
884 3585 1091 3651 Francorum
1126 3587 1326 3673 Philippum

373 3694 409 3750 et
423 3685 655 3768 Reginaldum
673 3686 830 3750 Boloniae
844 3678 1001 3752 comiten'r
1016 3686 1197 3765 discordia,
1212 3709 1327 3755 comcs

374 3787 416 3850 de
448 3788 547 3850 terris
575 3787 647 3850 suis
674 3786 873 3869 expellitur,
901 3788 1003 3852 etde
1032 3808 1138 3870 regno
1169 3789 1326 3854 Franciae

374 3888 581 3952 auctoritate
610 3887 706 3968 regia
735 3889 951 3952 exbannitur.
1009 3887 1190 3972 Philippus
1220 3890 1324 3954 etiam

411 4089 618 4153 '‘Fortelorde;’
632 4094 669 4142 M.
682 4098 705 4142 et
719 4093 765 4143 Ar.
862 4089 1125 4156 ramomelinusfdr.
1163 4093 1325 4144 Mobammed

408 4164 418 4192 ²
433 4167 507 4214 ‘cum
519 4166 631 4214 terminis
640 4160 654 4223 ς’
667 4164 706 4213 M.
717 4168 742 4213 et
753 4163 800 4214 Ar.
862 4165 985 4214 Alnassir.
1005 4165 1058 4215 'l'be
1068 4164 1145 4214 battle
1153 4164 1212 4214 bere
1220 4165 1325 4215 alluded

407 4233 417 4262 ³
433 4237 441 4262 ‘
448 4230 693 4295 Moromomelinus3'
702 4235 833 4285 M.:‘Mo·
859 4239 884 4284 to
897 4251 950 4285 was
962 4235 1016 4286 that
1026 4235 1056 4285 ol'
1064 4236 1154 4286 Navae
1161 4235 1194 4285 de
1204 4235 1307 4286 Tolosa.
