2896 4860
279 393 281 397 ⁴
373 378 418 442 86
731 395 805 444 urc.
822 395 970 444 rarrnrr

375 575 437 619 nec
469 553 625 619 deserunt
658 555 824 633 ecclcsiae,
855 576 916 620 nec
945 573 1124 620 censuram
1155 573 1328 619 canonum

376 663 585 720 reverentur.
639 656 734 721 Bene
752 655 920 720 valeatis?

214 1109 320 1148 aranon
438 1092 483 1156 IN
526 1091 740 1156 hebdomada
783 1090 1008 1155 Pentecostes
1049 1090 1248 1168 Lumhardi,
1291 1099 1328 1156 et

372 1193 522 1255 maxime
544 1192 834 1269 Mediolanenses,
858 1189 1118 1255 debellaverunt
1137 1193 1328 1256 exercitum

377 1292 549 1356 Frederici
574 1291 802 1375 imperatoris,
836 1291 894 1374 qui
922 1290 958 1354 in
985 1292 1069 1355 urbe
1094 1291 1257 1374 Pupiensi
1285 1310 1328 1356 eo

375 1400 528 1475 tempore
546 1393 758 1469 morabatur,
775 1391 835 1474 qui
850 1390 953 1456 etiam
971 1391 1032 1455 vix
1057 1391 1202 1456 evadere
1223 1399 1327 1476 potu·

213 1159 336 1210 lombardy.

212 1510 320 1608 3333pr
375 1500 450 1556 erat
480 1491 656 1573 fugiendo.
708 1491 863 1556 Joannes
889 1491 1170 1568 Saresberiensis,
1197 1492 1251 1556 vir
1272 1511 1328 1556 sa·

213 1611 358 1661 macenias
375 1593 472 1675 piens
489 1600 524 1656 et
541 1591 719 1668 honestus,
736 1592 795 1674 qui
808 1591 904 1674 prius
921 1592 1036 1656 fuerat
1050 1593 1194 1656 clericus
1212 1592 1325 1657 archi·

212 1661 348 1702 ‘'mm''
375 1692 528 1774 episcopi
543 1691 804 1756 Cantuariensis
820 1691 1022 1767 Theobaldi,
1042 1700 1076 1757 et
1093 1699 1215 1776 postea
1231 1693 1324 1756 beati

374 1792 519 1857 Thomae
544 1793 706 1875 martyris
730 1792 952 1871 successoris,
975 1791 1088 1856 factus
1116 1800 1171 1857 est
1192 1791 1325 1875 episco-

373 1913 439 1976 pus
466 1892 701 1958 carnotensis.
753 1891 949 1956 Willelmus
973 1912 1035 1957 rex
1062 1891 1189 1956 Siciliae
1212 1891 1236 1956 J
1239 1911 1323 1958 oan-

373 2012 465 2071 nam,
496 1993 602 2056 filiam
635 1992 780 2057 Henrici
813 1993 959 2056 senioris
990 1991 1083 2075 regis
1118 1990 1324 2075 Auglorum,

371 2111 517 2157 uxorem
532 2092 675 2176 accepit.
721 2092 905 2176 Philippus
923 2112 1038 2158 comcs
1058 2092 1230 2158 Flandriae
1245 2112 1324 2158 cum

372 2212 500 2275 magna
519 2212 624 2256 manu
645 2192 790 2258 militum
808 2194 959 2276 perrexit
979 2192 1185 2270 Jerusalem,
1203 2194 1237 2256 in
1252 2214 1323 2277 quo

370 2293 494 2357 itinere
506 2293 654 2358 decessit
668 2293 888 2376 Hastulphus
901 2294 944 2358 de
955 2292 990 2357 S.
1002 2293 1152 2358 Hilario.
1191 2292 1327 2373 Quinta

371 2391 457 2458 feria
474 2393 511 2458 in
536 2392 647 2458 Coena
668 2393 809 2459 Domini
832 2394 965 2459 occisus
987 2401 1040 2458 est
1058 2401 1199 2458 sanctus
1221 2387 1325 2459 ¹wi1-

372 2493 496 2558 lelmus
523 2493 667 2558 Parisiis
692 2513 712 2559 a
735 2493 882 2572 Judaeis,
908 2494 951 2559 ob
976 2495 1067 2577 quod
1087 2493 1221 2558 facinus
1243 2515 1323 2559 con·

371 2595 514 2658 cremati
543 2601 625 2659 sunt
645 2595 735 2676 igue.
790 2594 833 2658 In
862 2600 984 2659 aestate
1009 2602 1044 2659 et
1069 2602 1236 2659 autumno
1259 2594 1325 2661 suit

370 2694 524 2757 maxima
538 2695 698 2772 siccitas3
726 2695 817 2758 unde
839 2701 875 2758 et
888 2695 978 2760 satio
1000 2702 1114 2771 terrae,
1134 2695 1266 2772 messis,
1288 2703 1324 2761 et

370 2793 501 2858 foenum
524 2814 568 2857 ex
592 2813 720 2875 magna
742 2802 840 2877 parte
863 2796 977 2877 periit,
999 2803 1035 2859 et
1056 2795 1215 2860 collectio
1236 2816 1325 2861 mes-

370 2893 460 2956 sium
476 2901 511 2957 et
529 2894 778 2958 vindemiarum
795 2895 911 2960 evenit
928 2895 1031 2960 solito
1048 2895 1162 2960 citius.

206 3014 273 3053 rere·
420 2993 525 3058 Nono
552 2994 617 3058 cal.
647 2994 797 3077 Augusti
820 2996 1021 3060 concordati
1049 3003 1131 3059 sunt
1163 2993 1321 3060 dominus

207 3065 347 3104 mtvoenthe
540 3092 547 3107 .
752 3096 759 3110 .
928 3096 935 3110 .
1082 3097 1089 3110 .
1118 3097 1125 3110 .
1294 3097 1301 3111 .

206 3115 309 3164 poema
318 3115 355 3154 ue
367 3111 460 3175 papa
482 3101 517 3157 et
539 3103 725 3177 rmperator
749 3116 785 3159 m
810 3095 1035 3161 Venetrarum
1060 3102 1213 3160 crvrtate.
1259 3096 1320 3160 Τι-

206 3175 306 3264 iffi?
367 3212 463 3256 mens
481 3194 572 3258 enim
588 3197 786 3277 imperator,
809 3216 852 3260 ne
869 3215 890 3259 a
907 3190 1074 3261 ²dominio
1091 3214 1155 3260 suo
1169 3195 1320 3273 caderet,

366 3302 507 3376 propter
532 3292 804 3360 Lumbardorum
831 3296 1051 3361 rebellionem
1074 3303 1109 3359 et
1130 3295 1321 3361 Alexandri

367 3412 468 3477 papae
494 3396 770 3477 prosperitatem,
798 3397 913 3460 missis
943 3396 1153 3461 solemnibus
1178 3397 1320 3474 nuntiis,

367 3500 408 3557 ut
445 3496 725 3561 reconciliaretur
767 3517 900 3561 summo
941 3497 1094 3580 pontifici
1136 3497 1319 3561 laboravit.

368 3592 560 3677 Postquam
591 3597 833 3661 reconciliatus
862 3596 940 3673 suit,
975 3618 1038 3680 pro
1069 3597 1213 3661 emenda
1241 3596 1320 3660 cha·

368 3701 501 3759 ractere
517 3697 628 3759 crucis
646 3717 683 3760 se
701 3696 781 3760 fecit
798 3690 954 3779 signari.³

404 3853 411 3885 ¹
429 3856 542 3905 Another
562 3857 734 3917 sewiuam,
755 3858 830 3907 when
882 3857 1321 3908 'Forafullaccountolthisrecou-

368 3926 427 3986 only
445 3928 535 3975 twelve
558 3942 632 3989 years
654 3928 683 3976 of
703 3943 760 3991 age,
775 3943 830 3977 was
856 3927 1322 3990 ciliationbetweenthepopeandem·

367 3997 432 4045 elain
444 3997 528 4058 hythe
539 3999 611 4047 Jews
623 4004 649 4047 at
661 3999 685 4047 N
688 3999 793 4061 orwich,
804 4000 830 4048 in
856 4015 938 4060 perer,
953 4014 994 4047 see
1009 3998 1143 4058 Batonius,
1155 3998 1218 4047 with
1231 3994 1319 4061 Pugi's

369 4071 441 4127 11³7,
459 4068 544 4117 whose
562 4069 627 4117 senet
646 4084 700 4118 was
721 4070 782 4132 kept
804 4071 829 4118 in
856 4069 1026 4124 notes,adan.
1038 4069 1320 4132 llll,rol.xix.,pnrti·

368 4135 484 4198 England
497 4153 528 4185 on
542 4139 631 4187 March
644 4143 685 4188 24.
855 4138 1320 4200 cularlyp.4⁰3-11063andsortbeem·

400 4204 410 4233 ²
426 4207 543 4257 ‘domiuo
553 4203 567 4269 ς’
584 4205 651 4261 D'A.
840 4206 1317 4273 1peror'ssubsequentperlidy,p.472.
