2896 4860
359 380 425 451 276
715 403 787 451 nro.
811 402 957 450 sarvam

196 575 348 674 fflffl'
413 560 577 626 Exercitu
597 580 678 625 vero
699 561 742 625 de
760 568 870 625 morte
894 563 986 644 regis
1008 561 1192 644 plurimum
1216 561 1315 624 deso-

197 675 327 722 cnuounc
361 661 444 738 lato,
473 662 673 744 supervenit
700 660 848 726 Carolus
873 681 935 725 rex
966 662 1104 736 Siciliae,
1125 681 1227 744 qnern
1252 681 1314 726 rex

363 763 574 827 Francorum
604 761 716 825 adhuc
744 762 864 826 vivens
888 762 1017 826 fecerat
1044 763 1215 825 accersiri.
1269 762 1314 825 Et

360 883 438 927 cum
476 863 586 927 multo
623 862 739 944 plures
776 862 973 926 viderentur
1010 862 1173 926 Saraceni
1208 881 1312 946 quarn

362 962 562 1040 Christiani,
588 972 702 1026 tamen
727 961 923 1026 nullatenus
950 963 1024 1026 ausi
1046 970 1128 1026 sunt
1147 962 1236 1026 hello
1256 983 1312 1043 ge

362 1062 471 1127 nerali
507 1063 650 1145 aggredi
693 1060 921 1140 Christianos,
957 1063 1017 1127 sed
1052 1082 1114 1145 per
1146 1061 1312 1144 quasdam

362 1164 510 1228 astutias
527 1163 637 1227 multa
658 1163 708 1226 eis
728 1163 945 1227 incommoda
961 1162 1163 1226 inferebant.
1216 1162 1314 1226 Inter

362 1264 433 1328 alia
459 1262 561 1340 enirn,
589 1282 667 1327 cum
694 1264 790 1345 regio
819 1264 866 1328 sit
895 1264 1040 1327 multum
1072 1263 1246 1339 sabulosa,
1279 1272 1314 1327 et

363 1372 516 1445 tempore
545 1363 711 1427 siccitatis
743 1363 925 1446 plurimum
959 1363 1156 1446 pulverosa,
1183 1369 1314 1427 statue-

363 1472 445 1529 runt
461 1463 624 1528 Saraceni
640 1464 742 1546 plura
765 1463 872 1527 millia
891 1461 1066 1528 homiuum
1089 1482 1194 1547 super
1215 1483 1312 1527 mou·

364 1571 434 1628 tem
452 1584 558 1628 unum
579 1563 785 1627 Christianis
801 1565 964 1640 vicinum,
984 1572 1032 1640 et,
1050 1572 1089 1628 ut
1105 1571 1230 1628 ventus
1251 1563 1314 1627 lla-

364 1672 417 1727 ret
432 1664 475 1728 ad
498 1671 631 1746 partem
649 1663 936 1741 Christianorum,
953 1664 1112 1727 sabulum
1136 1673 1313 1728 moventes

363 1764 539 1846 pulverem
562 1765 787 1840 suscitarunt,
804 1765 864 1846 qui
885 1764 1028 1829 multam
1048 1763 1239 1828 molestiam
1261 1765 1313 1828 in·

201 1889 310 1938 «romn-
364 1864 444 1929 tulit
474 1864 700 1942 Christianis3
726 1864 787 1928 sed
817 1865 955 1928 tandem
978 1863 1120 1947 pulvere
1151 1884 1212 1947 per
1237 1865 1313 1948 plu·

199 1939 349 2035 llllrlr‘lnn,
362 1965 454 2030 viam
472 1964 606 2041 sedato,
623 1964 824 2041 Christiani,
849 1966 981 2047 paratis
1000 1964 1168 2028 machinis
1192 1974 1228 2029 et
1252 1985 1312 2029 va-

362 2064 422 2129 riis
451 2065 701 2141 instrumentis,
729 2064 911 2128 Tnnicinm
945 2085 1006 2147 per
1035 2073 1160 2128 terram
1186 2072 1222 2129 et
1253 2086 1314 2148 per

362 2185 456 2230 mare
475 2185 676 2248 oppugnare
691 2164 889 2248 disponunt.
918 2163 1020 2242 Quod
1039 2165 1191 2229 videntes
1207 2165 1311 2231 Sara-

361 2267 437 2330 ceni
452 2274 556 2348 pacta
574 2285 651 2329 curn
671 2264 878 2329 Christianis
900 2265 1059 2340 inierunt,
1087 2266 1312 2333 concedentes

361 2375 535 2430 nt'omues
559 2364 747 2430 Christiani
773 2364 808 2428 in
833 2384 939 2447 regno
965 2364 1024 2429 illo
1050 2366 1192 2449 captivi,
1213 2366 1312 2431 liberi

329 2526 331 2530 ,
360 2465 638 2544 dimitterentnr3
670 2472 706 2530 et
726 2465 831 2548 quod,
853 2465 1002 2529 conditis
1027 2465 1244 2531 monasteriis
1267 2468 1311 2532 ad

360 2565 525 2631 honorem
556 2565 686 2631 Christi
721 2566 756 2629 in
792 2565 949 2629 omnihus
983 2566 1181 2630 civitatibus
1214 2569 1312 2648 regni

360 2666 465 2744 illius,
489 2667 573 2730 fides
601 2665 730 2731 Christi
757 2686 818 2748 per
841 2665 964 2730 iratres
995 2666 1247 2730 Praedicatores
1277 2676 1312 2735 et

359 2765 530 2844 Minores,
546 2775 581 2832 et
598 2787 659 2849 per
672 2766 759 2829 alios
773 2785 1008 2849 quoscunque,
1022 2766 1128 2830 libere
1145 2766 1311 2849 praedice-

197 2884 321 2924 conenae·
361 2873 430 2944 tur,
448 2875 484 2932 et
500 2867 656 2932 volentes
677 2866 845 2948 baptizari
861 2866 967 2930 libere
982 2867 1219 2949 baptizentur:
1243 2869 1310 2932 sic·

198 2936 299 3024 {ludiim
362 2986 429 3049 que
444 2966 568 3031 solutis
584 2986 703 3047 regum
725 2967 899 3049 expensis,
922 2975 957 3030 et
975 2986 1056 3048 rege
1078 2967 1215 3031 Tunicii
1239 2969 1311 3050 regi

200 3046 266 3084 ’Μ’
362 3066 489 3131 Siciliae
509 3066 602 3130 facto
621 3067 813 3143 tributario,
830 3067 962 3147 treugis
980 3087 1146 3131 annorum
1163 3067 1312 3150 plurium

361 3167 546 3242 concessis,
566 3185 723 3231 reversus
737 3175 791 3231 est
805 3167 977 3230 exercitus
995 3166 1221 3232 Christianus.

200 3285 297 3373 εᾱπιιὲι,
413 3265 603 3330 Edwardns
630 3266 719 3329 lilius
743 3267 834 3348 regis
860 3265 999 3348 Angliae
1022 3274 1101 3348 post
1129 3270 1311 3336 transitum

199 3344 325 3474 ffiem
361 3367 396 3430 in
415 3365 562 3443 Gallias,
577 3366 621 3429 ad
639 3364 931 3448 Aquasmortuas
953 3368 1168 3448 perveniam,
1193 3376 1228 3433 et
1248 3370 1312 3435 ibi·

288 3463 294 3481 '
361 3466 437 3530 dem
463 3468 609 3531 navibus
630 3485 668 3530 se
686 3466 915 3542 committens,
931 3465 1047 3531 decem
1064 3467 1195 3530 dierum
1213 3471 1311 3533 navi·

361 3567 501 3647 gatione
523 3567 706 3631 Tnnicinm
731 3568 900 3648 pervenit,
924 3567 1110 3650 salvusque
1134 3587 1210 3631 cum
1237 3577 1313 3634 tota

361 3685 425 3730 sua
453 3666 622 3749 applicuit
647 3666 821 3730 comitiva.
873 3664 927 3729 Ac
958 3666 1038 3730 inde
1070 3687 1152 3749 rege
1185 3667 1311 3734 Siciliae

360 3767 559 3847 navigante,
578 3765 660 3829 illuc
687 3765 961 3848 periclitantibus
987 3767 1086 3849 gravi
1107 3775 1312 3850 tempestate

361 3866 508 3930 navibus
530 3867 697 3947 pluribus,
724 3866 968 3948 submersoque
990 3866 1152 3931 thesauro
1174 3868 1216 3932 de
1239 3868 1311 3934 Tu·

198 3984 309 4074 mau
361 3965 451 4030 nicio
479 3965 598 4041 allato,
622 3965 825 4043 Edwardns,
849 3964 1026 4029 licentiato
1055 3969 1311 4049 consanguineo

254 4062 258 4073 '
360 4085 423 4129 sno
459 4065 612 4129 Henrico
639 4066 681 4129 de
712 4065 929 4142 Alamannia,
961 4066 1099 4131 volente
1137 4069 1246 4133 redire
1275 4072 1311 4134 in

360 4163 535 4248 Angliam,
564 4165 641 4229 vela
669 4184 733 4229 sua
761 4164 889 4231 direxit
917 4167 952 4230 in
978 4165 1123 4246 Achon3
1158 4168 1310 4254 illucque
