2896 4860
334 389 398 455 loo
693 404 766 452 uro.
784 404 931 451 rarvnrr

334 559 422 626 ratio
439 580 507 625 non
525 559 660 625 videtur
675 560 788 625 locum
800 561 945 643 habere;
970 582 1033 627 nec
1047 571 1139 627 esset
1149 561 1284 639 vitium,

334 663 364 727 si
381 682 448 726 non
465 661 599 726 ratione
615 669 760 726 careret.

385 762 472 828 Post
488 770 603 828 autem
620 761 760 846 aliquod
782 770 917 845 tempus
939 761 1142 846 Limpoldus
1167 783 1284 846 rogem

335 862 522 928 Ricardum
561 863 759 947 imperatori
797 862 952 928 Henrico
988 871 1089 929 sexto
1123 862 1286 943 reddidit,

333 984 434 1047 quem
469 964 527 1028 ille
560 985 669 1047 usqne
709 964 929 1047 Magantiam
967 966 1145 1030 transtulit
1175 966 1287 1050 capti·

332 1072 464 1131 vatum.

356 1275 510 1340 nunc}
588 1280 823 1317 anouauonuus.
931 1280 1082 1316 rainecourt
1122 1281 1262 1318 arteman!

371 1370 478 1407 ucxcur.
507 1350 710 1483 Ιοσειεεπκιηι.
739 1367 889 1404 uesnrcrvr.
931 1367 1078 1405 rururrrru.
1127 1368 1233 1405 nicanor
1246 1370 1265 1406 ι.

602 1431 627 1476 2.
784 1429 846 1475 Μ.
990 1429 1029 1474 12.
1181 1429 1208 1478 1.

169 1604 305 1647 raanan
382 1577 468 1641 Rux
500 1570 743 1653 ¹Francorum‚
766 1596 828 1659 pen
853 1576 987 1641 litteras
1013 1574 1157 1640 Henrici
1180 1577 1285 1660 impe·

170 1657 222 1706 king
232 1656 318 1695 invade·

171 1706 298 1756 ummmuy.

331 1677 455 1742 ratoris
479 1678 521 1741 de
547 1677 751 1761 captivitate
776 1677 866 1759 regis
892 1675 1035 1740 Ricardi
1060 1676 1282 1756 certificatus,

330 1778 525 1863 postposita
546 1778 613 1842 fide
634 1778 811 1860 fractoque
827 1777 1037 1861 juramento,
1059 1797 1129 1861 quo
1144 1797 1183 1842 se
1198 1798 1285 1862 prae-

330 1879 402 1945 sato
418 1880 492 1961 regi
510 1879 661 1944 Ricardo
685 1885 766 1942 aute
786 1896 959 1941 recessum
982 1897 1082 1942 suum
1103 1878 1145 1943 de
1161 1877 1285 1945 Achon

330 1979 576 2057 adstrinxerat,
616 1980 745 2043 invasit
773 1986 883 2042 terras
919 1977 1073 2063 ejusdem
1109 1980 1147 2043 in
1179 1999 1283 2046 manu

330 2080 474 2158 hostili3
515 2080 570 2144 cui
600 2078 778 2144 Gilbertus
809 2078 851 2143 de
877 2078 1052 2155 Vascolio,
1079 2079 1208 2144 domini
1230 2082 1285 2147 sui

329 2179 470 2247 effectus
488 2181 654 2265 proditor,
670 2187 822 2244 castrum
840 2180 1106 2245 munitissimum
1124 2180 1282 2261 Gisortii,

329 2301 402 2346 suae
420 2283 640 2348 commissum
666 2281 845 2357 custodire,
869 2279 1028 2346 reddidit.
1080 2280 1162 2365 Ipse
1178 2282 1282 2350 etiam

330 2402 391 2447 rex
422 2384 532 2447 multa
560 2390 676 2447 castra
703 2382 818 2446 vicina
851 2381 954 2463 cepit,
979 2388 1083 2466 atque
1109 2375 1162 2447 ²in
1187 2384 1284 2449 brevi

330 2503 407 2548 cum
438 2490 578 2566 potente
609 2483 765 2547 exercitu
796 2489 907 2546 totum
936 2480 1163 2547 Vulcasinum
1192 2483 1284 2549 Nor·

331 2585 480 2649 manniae
495 2583 688 2667 occupavit.
732 2582 887 2647 Ulterius
903 2601 985 2647 vero
1001 2583 1176 2667 profectus
1193 2585 1284 2669 cepit

331 2686 448 2749 urbem
483 2685 677 2762 Ebroicam,
711 2692 746 2748 et
775 2682 938 2748 ecclesias
963 2684 1035 2748 Dur
1063 2685 1227 2750 contrivit
1247 2687 1284 2750 in

331 2785 454 2868 spiritu
488 2785 708 2850 vehementi:
750 2804 818 2848 non
851 2784 1005 2867 pepercit
1037 2778 1282 2869 ³episcopatui,

330 2887 492 2963 abbatiis,
525 2886 646 2951 aliisve
679 2885 918 2967 monasteriis3
954 2886 1142 2967 quinimmo
1166 2907 1285 2953 mona-

331 2986 414 3051 chos
445 2986 598 3071 ejiciens,
627 2987 759 3051 reditus
793 3006 910 3050 eornm
944 2987 979 3050 in
1010 2987 1168 3071 proprios
1199 3007 1283 3054 usus

330 3088 514 3151 convertit.
567 3087 669 3170 Cepit
684 3095 719 3153 et
732 3081 885 3151 ⁴Vallem
903 3087 1054 3165 Rodolii,
1069 3108 1110 3153 ac
1126 3088 1284 3154 Novum·

331 3186 500 3270 Burgum,
524 3188 851 3271 Rothomagnmque
871 3187 1027 3267 obsedit3
1050 3188 1111 3253 sed
1132 3209 1211 3254 cum
1235 3190 1282 3256 ni·

329 3289 377 3352 hil
404 3289 596 3372 proficeret,
623 3289 810 3353 combustis
833 3290 993 3372 petrariis
1020 3296 1055 3353 et
1083 3292 1283 3372 mangonel-

329 3388 384 3466 lis,
402 3390 511 3454 iratus
530 3390 710 3455 discedens
733 3388 943 3455 obsidionem
960 3390 1052 3454 circa
1067 3384 1281 3456 ⁵Demolium

330 3491 457 3572 posuit.

166 3617 316 3657 uanam
381 3589 521 3655 Interea
553 3590 764 3656 Caelestinus
798 3608 888 3673 papa
919 3600 954 3655 et
982 3591 1082 3657 multi
1111 3591 1282 3677 principes

165 3669 277 3760 iliefflior
330 3690 527 3756 Germaniae
560 3692 699 3774 indigne
731 3690 878 3755 ferentes
915 3711 1030 3774 regem
1061 3690 1203 3775 Angliae
1239 3693 1282 3758 ab

166 3769 265 3810 aaran.

365 3928 372 3959 ¹
389 3928 520 3979 ‘Francia
531 3925 545 3989 ς’
558 3928 625 3979 D’A.
853 3929 863 3958 ⁴
878 3929 994 3978 ‘Vallem
1006 3929 1106 3979 Redolii
1118 3926 1132 3990 ;'
1144 3933 1185 3983 Μ.
1195 3949 1202 3982 :
1214 3932 1281 3982 ‘Vil-

362 4133 372 4166 ³
388 4137 454 4186 That
472 4138 503 4196 is,
518 4153 576 4198 says
595 4139 664 4201 Hali,
680 4139 722 4188 the
739 4140 792 4201 epi·
818 4157 898 4191 seems
908 4108 1279 4208 detmereddinffi's‘eeinfn,

326 4207 413 4269 scopal
424 4209 561 4259 residence.
693 4246 699 4253 .
818 4228 843 4279 p.
859 4217 915 4275 154,
926 4216 933 4241 ⁸
943 4208 1106 4263 Vemolium.‘
