<?xml version="1.0" encoding="UTF-8"?>
<!DOCTYPE html PUBLIC "-//W3C//DTD XHTML 1.0 Transitional//EN"
    "http://www.w3.org/TR/xhtml1/DTD/xhtml1-transitional.dtd">
<html xmlns="http://www.w3.org/1999/xhtml" xml:lang="en" lang="en">
 <head>
  <title>
</title>
<meta http-equiv="Content-Type" content="text/html;charset=utf-8" />
  <meta name='ocr-system' content='tesseract 3.04.00' />
  <meta name='ocr-capabilities' content='ocr_page ocr_carea ocr_par ocr_line ocrx_word'/>
</head>
<body>
  <div class='ocr_page' id='page_1' title='image "./fnicholaitrivet01trivgoog_0142.png"; bbox 0 0 2896 4860; ppageno 0'>
   <div class='ocr_carea' id='block_1_1' title="bbox 566 401 1130 466">
    <p class='ocr_par' dir='ltr' id='par_1_1' title="bbox 566 401 1130 466">
     <span class='ocr_line' id='line_1_1' title="bbox 566 401 1130 466; baseline -0.002 0"><span class='ocrx_word' id='word_1_1' title='bbox 566 416 746 466; x_wconf 69' lang='lat' dir='ltr'>runicus.</span> <span class='ocrx_word' id='word_1_2' title='bbox 1067 401 1130 465; x_wconf 92' lang='lat' dir='ltr'>lll</span> 
     </span>
    </p>
   </div>
   <div class='ocr_carea' id='block_1_2' title="bbox 177 569 1298 2566">
    <p class='ocr_par' dir='ltr' id='par_1_2' title="bbox 177 569 1298 2566">
     <span class='ocr_line' id='line_1_2' title="bbox 178 569 1130 659; baseline 0.004 -22"><span class='ocrx_word' id='word_1_3' title='bbox 178 569 340 640; x_wconf 85' lang='lat' dir='ltr'>fuerunt.&#39;</span> <span class='ocrx_word' id='word_1_4' title='bbox 395 575 461 640; x_wconf 85' lang='lat' dir='ltr'>Cui</span> <span class='ocrx_word' id='word_1_5' title='bbox 484 595 561 638; x_wconf 89' lang='lat' dir='ltr'>cum</span> <span class='ocrx_word' id='word_1_6' title='bbox 586 573 821 657; x_wconf 80' lang='lat' dir='ltr'><strong>respondisset</strong></span> <span class='ocrx_word' id='word_1_7' title='bbox 843 595 904 639; x_wconf 86' lang='lat' dir='ltr'>rex</span> <span class='ocrx_word' id='word_1_8' title='bbox 923 574 1130 659; x_wconf 81' lang='lat' dir='ltr'>Anglorum,</span> 
     </span>
     <span class='ocr_line' id='line_1_3' title="bbox 177 673 1131 757; baseline 0.003 -19"><span class='ocrx_word' id='word_1_9' title='bbox 177 673 301 739; x_wconf 88' lang='lat' dir='ltr'>melius</span> <span class='ocrx_word' id='word_1_10' title='bbox 319 696 393 741; x_wconf 86' lang='lat' dir='ltr'>esse</span> <span class='ocrx_word' id='word_1_11' title='bbox 409 677 500 740; x_wconf 88' lang='lat' dir='ltr'>inter</span> <span class='ocrx_word' id='word_1_12' title='bbox 520 695 558 739; x_wconf 90' lang='lat' dir='ltr'>se</span> <span class='ocrx_word' id='word_1_13' title='bbox 576 675 708 740; x_wconf 89' lang='lat' dir='ltr'>firmam</span> <span class='ocrx_word' id='word_1_14' title='bbox 732 694 853 757; x_wconf 83' lang='lat' dir='ltr'><strong>pacem</strong></span> <span class='ocrx_word' id='word_1_15' title='bbox 878 676 964 740; x_wconf 89' lang='lat' dir='ltr'>inire</span> <span class='ocrx_word' id='word_1_16' title='bbox 988 677 1131 741; x_wconf 89' lang='lat' dir='ltr'>consilio</span> 
     </span>
     <span class='ocr_line' id='line_1_4' title="bbox 178 776 1132 861; baseline 0.002 -22"><span class='ocrx_word' id='word_1_17' title='bbox 178 783 251 840; x_wconf 87' lang='lat' dir='ltr'>tarn</span> <span class='ocrx_word' id='word_1_18' title='bbox 269 776 352 841; x_wconf 93' lang='lat' dir='ltr'>cleri</span> <span class='ocrx_word' id='word_1_19' title='bbox 365 796 471 861; x_wconf 89' lang='lat' dir='ltr'>quam</span> <span class='ocrx_word' id='word_1_20' title='bbox 486 778 665 852; x_wconf 89' lang='lat' dir='ltr'>baronum,</span> <span class='ocrx_word' id='word_1_21' title='bbox 687 794 791 858; x_wconf 91' lang='lat' dir='ltr'>quam</span> <span class='ocrx_word' id='word_1_22' title='bbox 812 776 907 840; x_wconf 87' lang='lat' dir='ltr'>litem</span> <span class='ocrx_word' id='word_1_23' title='bbox 932 777 1132 859; x_wconf 80' lang='lat' dir='ltr'>protrahere</span> 
     </span>
     <span class='ocr_line' id='line_1_5' title="bbox 178 875 1133 957; baseline 0.002 -17"><span class='ocrx_word' id='word_1_24' title='bbox 178 875 269 942; x_wconf 79' lang='lat' dir='ltr'>forte</span> <span class='ocrx_word' id='word_1_25' title='bbox 301 879 526 957; x_wconf 66' lang='lat' dir='ltr'>damnosam</span> <span class='ocrx_word' id='word_1_26' title='bbox 559 876 770 940; x_wconf 81' lang='lat' dir='ltr'>contradixit</span> <span class='ocrx_word' id='word_1_27' title='bbox 803 876 894 940; x_wconf 88' lang='lat' dir='ltr'>lilius</span> <span class='ocrx_word' id='word_1_28' title='bbox 926 896 1039 942; x_wconf 90' lang='lat' dir='ltr'>comes</span> <span class='ocrx_word' id='word_1_29' title='bbox 1072 878 1133 942; x_wconf 91' lang='lat' dir='ltr'>Ri-</span> 
     </span>
     <span class='ocr_line' id='line_1_6' title="bbox 180 976 1132 1063; baseline 0.003 -24"><span class='ocrx_word' id='word_1_30' title='bbox 180 976 317 1055; x_wconf 86' lang='lat' dir='ltr'>cardus,</span> <span class='ocrx_word' id='word_1_31' title='bbox 339 980 463 1044; x_wconf 89' lang='lat' dir='ltr'>timens</span> <span class='ocrx_word' id='word_1_32' title='bbox 486 979 568 1063; x_wconf 88' lang='lat' dir='ltr'>quia</span> <span class='ocrx_word' id='word_1_33' title='bbox 594 976 659 1040; x_wconf 89' lang='lat' dir='ltr'>hac</span> <span class='ocrx_word' id='word_1_34' title='bbox 682 985 822 1041; x_wconf 89' lang='lat' dir='ltr'>servata</span> <span class='ocrx_word' id='word_1_35' title='bbox 847 977 1042 1041; x_wconf 89' lang='lat' dir='ltr'>conditione</span> <span class='ocrx_word' id='word_1_36' title='bbox 1065 978 1132 1042; x_wconf 88' lang='lat' dir='ltr'>Ca·</span> 
     </span>
     <span class='ocr_line' id='line_1_7' title="bbox 182 1077 1134 1154; baseline 0 -13"><span class='ocrx_word' id='word_1_37' title='bbox 182 1084 318 1141; x_wconf 87' lang='lat' dir='ltr'>turcum</span> <span class='ocrx_word' id='word_1_38' title='bbox 352 1077 509 1143; x_wconf 87' lang='lat' dir='ltr'>redderet</span> <span class='ocrx_word' id='word_1_39' title='bbox 542 1085 578 1142; x_wconf 89' lang='lat' dir='ltr'>et</span> <span class='ocrx_word' id='word_1_40' title='bbox 609 1085 721 1142; x_wconf 91' lang='lat' dir='ltr'>toturn</span> <span class='ocrx_word' id='word_1_41' title='bbox 754 1077 968 1154; x_wconf 86' lang='lat' dir='ltr'>comitatum,</span> <span class='ocrx_word' id='word_1_42' title='bbox 1002 1086 1038 1141; x_wconf 91' lang='lat' dir='ltr'>et</span> <span class='ocrx_word' id='word_1_43' title='bbox 1065 1078 1134 1141; x_wconf 90' lang='lat' dir='ltr'>alia</span> 
     </span>
     <span class='ocr_line' id='line_1_8' title="bbox 181 1177 1134 1261; baseline 0.001 -20"><span class='ocrx_word' id='word_1_44' title='bbox 181 1177 283 1261; x_wconf 88' lang='lat' dir='ltr'>plura</span> <span class='ocrx_word' id='word_1_45' title='bbox 296 1177 338 1242; x_wconf 89' lang='lat' dir='ltr'>de</span> <span class='ocrx_word' id='word_1_46' title='bbox 352 1177 501 1243; x_wconf 88' lang='lat' dir='ltr'>dominio</span> <span class='ocrx_word' id='word_1_47' title='bbox 517 1196 580 1242; x_wconf 92' lang='lat' dir='ltr'>suo</span> <span class='ocrx_word' id='word_1_48' title='bbox 598 1197 661 1260; x_wconf 94' lang='lat' dir='ltr'>pro</span> <span class='ocrx_word' id='word_1_49' title='bbox 686 1177 787 1242; x_wconf 85' lang='lat' dir='ltr'>feodo</span> <span class='ocrx_word' id='word_1_50' title='bbox 807 1178 849 1241; x_wconf 90' lang='lat' dir='ltr'>de</span> <span class='ocrx_word' id='word_1_51' title='bbox 870 1185 985 1241; x_wconf 86' lang='lat' dir='ltr'>castro</span> <span class='ocrx_word' id='word_1_52' title='bbox 1002 1177 1134 1242; x_wconf 87' lang='lat' dir='ltr'>Radul·</span> 
     </span>
     <span class='ocr_line' id='line_1_9' title="bbox 182 1271 1131 1361; baseline 0.001 -20"><span class='ocrx_word' id='word_1_53' title='bbox 182 1277 256 1360; x_wconf 88' lang='lat' dir='ltr'><strong>phi,</strong></span> <span class='ocrx_word' id='word_1_54' title='bbox 269 1285 303 1342; x_wconf 86' lang='lat' dir='ltr'>et</span> <span class='ocrx_word' id='word_1_55' title='bbox 320 1286 471 1343; x_wconf 76' lang='lat' dir='ltr'>castrum</span> <span class='ocrx_word' id='word_1_56' title='bbox 491 1277 646 1341; x_wconf 91' lang='lat' dir='ltr'>Isolduni</span> <span class='ocrx_word' id='word_1_57' title='bbox 663 1286 698 1342; x_wconf 89' lang='lat' dir='ltr'>et</span> <span class='ocrx_word' id='word_1_58' title='bbox 711 1271 864 1353; x_wconf 84' lang='lat' dir='ltr'>²Crasai,</span> <span class='ocrx_word' id='word_1_59' title='bbox 883 1298 961 1361; x_wconf 87' lang='lat' dir='ltr'>quae</span> <span class='ocrx_word' id='word_1_60' title='bbox 977 1297 1041 1341; x_wconf 92' lang='lat' dir='ltr'>sua</span> <span class='ocrx_word' id='word_1_61' title='bbox 1065 1298 1131 1343; x_wconf 91' lang='lat' dir='ltr'>nou</span> 
     </span>
     <span class='ocr_line' id='line_1_10' title="bbox 182 1373 1134 1455; baseline 0.001 -14"><span class='ocrx_word' id='word_1_62' title='bbox 182 1385 283 1442; x_wconf 87' lang='lat' dir='ltr'>erant</span> <span class='ocrx_word' id='word_1_63' title='bbox 315 1373 515 1455; x_wconf 82' lang='lat' dir='ltr'>³dominica,</span> <span class='ocrx_word' id='word_1_64' title='bbox 547 1378 627 1443; x_wconf 91' lang='lat' dir='ltr'>licet</span> <span class='ocrx_word' id='word_1_65' title='bbox 665 1378 708 1442; x_wconf 93' lang='lat' dir='ltr'>de</span> <span class='ocrx_word' id='word_1_66' title='bbox 744 1398 786 1442; x_wconf 92' lang='lat' dir='ltr'>eo</span> <span class='ocrx_word' id='word_1_67' title='bbox 822 1387 937 1442; x_wconf 88' lang='lat' dir='ltr'>essent</span> <span class='ocrx_word' id='word_1_68' title='bbox 974 1379 1134 1442; x_wconf 88' lang='lat' dir='ltr'>tenenda.</span> 
     </span>
     <span class='ocr_line' id='line_1_11' title="bbox 184 1477 1134 1561; baseline 0.001 -19"><span class='ocrx_word' id='word_1_69' title='bbox 184 1477 318 1543; x_wconf 84' lang='lat' dir='ltr'>Petivit</span> <span class='ocrx_word' id='word_1_70' title='bbox 348 1478 464 1556; x_wconf 90' lang='lat' dir='ltr'>etiam,</span> <span class='ocrx_word' id='word_1_71' title='bbox 490 1498 552 1561; x_wconf 91' lang='lat' dir='ltr'>per</span> <span class='ocrx_word' id='word_1_72' title='bbox 579 1478 820 1543; x_wconf 83' lang='lat' dir='ltr'>mediationem</span> <span class='ocrx_word' id='word_1_73' title='bbox 847 1480 937 1560; x_wconf 83' lang='lat' dir='ltr'>regis</span> <span class='ocrx_word' id='word_1_74' title='bbox 964 1479 1134 1556; x_wconf 89' lang='lat' dir='ltr'>Franciae,</span> 
     </span>
     <span class='ocr_line' id='line_1_12' title="bbox 181 1579 1135 1662; baseline -0.001 -19"><span class='ocrx_word' id='word_1_75' title='bbox 181 1598 336 1643; x_wconf 88' lang='lat' dir='ltr'>sororem</span> <span class='ocrx_word' id='word_1_76' title='bbox 357 1579 511 1662; x_wconf 91' lang='lat' dir='ltr'>ejusdem</span> <span class='ocrx_word' id='word_1_77' title='bbox 536 1579 569 1642; x_wconf 92' lang='lat' dir='ltr'>in</span> <span class='ocrx_word' id='word_1_78' title='bbox 589 1599 745 1657; x_wconf 87' lang='lat' dir='ltr'>uxorem,</span> <span class='ocrx_word' id='word_1_79' title='bbox 768 1586 803 1644; x_wconf 91' lang='lat' dir='ltr'>et</span> <span class='ocrx_word' id='word_1_80' title='bbox 824 1587 863 1642; x_wconf 94' lang='lat' dir='ltr'>ut</span> <span class='ocrx_word' id='word_1_81' title='bbox 887 1587 1013 1643; x_wconf 87' lang='lat' dir='ltr'>terram</span> <span class='ocrx_word' id='word_1_82' title='bbox 1036 1599 1135 1644; x_wconf 90' lang='lat' dir='ltr'>suam</span> 
     </span>
     <span class='ocr_line' id='line_1_13' title="bbox 181 1678 1134 1762; baseline 0.003 -20"><span class='ocrx_word' id='word_1_83' title='bbox 181 1679 261 1754; x_wconf 84' lang='lat' dir='ltr'>sibi,</span> <span class='ocrx_word' id='word_1_84' title='bbox 293 1679 403 1742; x_wconf 86' lang='lat' dir='ltr'>veluti</span> <span class='ocrx_word' id='word_1_85' title='bbox 434 1679 562 1756; x_wconf 88' lang='lat' dir='ltr'>heredi,</span> <span class='ocrx_word' id='word_1_86' title='bbox 599 1679 728 1743; x_wconf 87' lang='lat' dir='ltr'>faceret</span> <span class='ocrx_word' id='word_1_87' title='bbox 757 1678 957 1762; x_wconf 89' lang='lat' dir='ltr'>juramento</span> <span class='ocrx_word' id='word_1_88' title='bbox 993 1680 1134 1745; x_wconf 87' lang='lat' dir='ltr'>firmari.</span> 
     </span>
     <span class='ocr_line' id='line_1_14' title="bbox 183 1777 1136 1864; baseline 0.001 -21"><span class='ocrx_word' id='word_1_89' title='bbox 183 1777 368 1844; x_wconf 88' lang='lat' dir='ltr'>Renuente</span> <span class='ocrx_word' id='word_1_90' title='bbox 385 1788 500 1845; x_wconf 86' lang='lat' dir='ltr'>autem</span> <span class='ocrx_word' id='word_1_91' title='bbox 518 1786 617 1862; x_wconf 90' lang='lat' dir='ltr'>patre</span> <span class='ocrx_word' id='word_1_92' title='bbox 634 1779 698 1844; x_wconf 85' lang='lat' dir='ltr'>lroc</span> <span class='ocrx_word' id='word_1_93' title='bbox 721 1788 884 1862; x_wconf 92' lang='lat' dir='ltr'>protunc</span> <span class='ocrx_word' id='word_1_94' title='bbox 905 1779 1030 1857; x_wconf 83' lang='lat' dir='ltr'>lacere,</span> <span class='ocrx_word' id='word_1_95' title='bbox 1053 1782 1136 1864; x_wconf 89' lang='lat' dir='ltr'>quia</span> 
     </span>
     <span class='ocr_line' id='line_1_15' title="bbox 182 1879 1135 1963; baseline 0.001 -19"><span class='ocrx_word' id='word_1_96' title='bbox 182 1881 319 1945; x_wconf 79' lang='lat' dir='ltr'>coactio</span> <span class='ocrx_word' id='word_1_97' title='bbox 349 1880 542 1958; x_wconf 88' lang='lat' dir='ltr'>videbatur,</span> <span class='ocrx_word' id='word_1_98' title='bbox 576 1900 690 1944; x_wconf 92' lang='lat' dir='ltr'>comes</span> <span class='ocrx_word' id='word_1_99' title='bbox 719 1879 890 1944; x_wconf 90' lang='lat' dir='ltr'>Ricardus</span> <span class='ocrx_word' id='word_1_100' title='bbox 921 1882 993 1963; x_wconf 80' lang='lat' dir='ltr'>regi</span> <span class='ocrx_word' id='word_1_101' title='bbox 1025 1880 1135 1945; x_wconf 91' lang='lat' dir='ltr'>Fran-</span> 
     </span>
     <span class='ocr_line' id='line_1_16' title="bbox 181 1979 1136 2064; baseline 0.001 -20"><span class='ocrx_word' id='word_1_102' title='bbox 181 2000 301 2045; x_wconf 89' lang='lat' dir='ltr'>corum</span> <span class='ocrx_word' id='word_1_103' title='bbox 327 1981 523 2064; x_wconf 84' lang='lat' dir='ltr'>homagium</span> <span class='ocrx_word' id='word_1_104' title='bbox 546 1979 628 2045; x_wconf 84' lang='lat' dir='ltr'>fecit</span> <span class='ocrx_word' id='word_1_105' title='bbox 645 1980 687 2045; x_wconf 91' lang='lat' dir='ltr'>de</span> <span class='ocrx_word' id='word_1_106' title='bbox 706 1988 781 2045; x_wconf 86' lang='lat' dir='ltr'>toto</span> <span class='ocrx_word' id='word_1_107' title='bbox 807 1987 1001 2045; x_wconf 84' lang='lat' dir='ltr'>tenemento</span> <span class='ocrx_word' id='word_1_108' title='bbox 1026 1983 1136 2064; x_wconf 87' lang='lat' dir='ltr'>patris</span> 
     </span>
     <span class='ocr_line' id='line_1_17' title="bbox 183 2075 1137 2165; baseline 0 -20"><span class='ocrx_word' id='word_1_109' title='bbox 183 2081 219 2145; x_wconf 92' lang='lat' dir='ltr'>in</span> <span class='ocrx_word' id='word_1_110' title='bbox 249 2101 356 2163; x_wconf 83' lang='lat' dir='ltr'>regno</span> <span class='ocrx_word' id='word_1_111' title='bbox 391 2075 494 2161; x_wconf 88' lang='lat' dir='ltr'>⁴suo;</span> <span class='ocrx_word' id='word_1_112' title='bbox 529 2081 628 2146; x_wconf 91' lang='lat' dir='ltr'>salvo</span> <span class='ocrx_word' id='word_1_113' title='bbox 654 2081 733 2165; x_wconf 90' lang='lat' dir='ltr'>jure</span> <span class='ocrx_word' id='word_1_114' title='bbox 760 2081 869 2164; x_wconf 87' lang='lat' dir='ltr'>patris</span> <span class='ocrx_word' id='word_1_115' title='bbox 896 2081 949 2144; x_wconf 93' lang='lat' dir='ltr'>sui</span> <span class='ocrx_word' id='word_1_116' title='bbox 975 2081 1056 2145; x_wconf 92' lang='lat' dir='ltr'>dum</span> <span class='ocrx_word' id='word_1_117' title='bbox 1084 2081 1137 2147; x_wconf 87' lang='lat' dir='ltr'>ri·</span> 
     </span>
     <span class='ocr_line' id='line_1_18' title="bbox 186 2180 1137 2265; baseline 0.002 -21"><span class='ocrx_word' id='word_1_118' title='bbox 186 2188 295 2258; x_wconf 86' lang='lat' dir='ltr'>reret,</span> <span class='ocrx_word' id='word_1_119' title='bbox 315 2189 351 2246; x_wconf 91' lang='lat' dir='ltr'>et</span> <span class='ocrx_word' id='word_1_120' title='bbox 367 2182 467 2246; x_wconf 89' lang='lat' dir='ltr'>salva</span> <span class='ocrx_word' id='word_1_121' title='bbox 481 2181 547 2246; x_wconf 86' lang='lat' dir='ltr'>fide</span> <span class='ocrx_word' id='word_1_122' title='bbox 561 2200 664 2263; x_wconf 89' lang='lat' dir='ltr'>quarn</span> <span class='ocrx_word' id='word_1_123' title='bbox 690 2182 780 2263; x_wconf 88' lang='lat' dir='ltr'>patri</span> <span class='ocrx_word' id='word_1_124' title='bbox 808 2180 965 2246; x_wconf 89' lang='lat' dir='ltr'>debebat.</span> <span class='ocrx_word' id='word_1_125' title='bbox 1010 2182 1137 2265; x_wconf 87' lang='lat' dir='ltr'>Sicque</span> 
     </span>
     <span class='ocr_line' id='line_1_19' title="bbox 184 2280 1137 2366; baseline 0.001 -20"><span class='ocrx_word' id='word_1_126' title='bbox 184 2280 319 2347; x_wconf 90' lang='lat' dir='ltr'>linitum</span> <span class='ocrx_word' id='word_1_127' title='bbox 342 2289 395 2345; x_wconf 92' lang='lat' dir='ltr'>est</span> <span class='ocrx_word' id='word_1_128' title='bbox 412 2280 634 2364; x_wconf 90' lang='lat' dir='ltr'>colloquium,</span> <span class='ocrx_word' id='word_1_129' title='bbox 654 2282 850 2364; x_wconf 86' lang='lat' dir='ltr'>prorogatis</span> <span class='ocrx_word' id='word_1_130' title='bbox 873 2283 1004 2364; x_wconf 80' lang='lat' dir='ltr'>treugis</span> <span class='ocrx_word' id='word_1_131' title='bbox 1026 2301 1137 2366; x_wconf 88' lang='lat' dir='ltr'>usque</span> 
     </span>
     <span class='ocr_line' id='line_1_20' title="bbox 184 2381 581 2447; baseline -0.008 0"><span class='ocrx_word' id='word_1_132' title='bbox 184 2382 228 2447; x_wconf 80' lang='lat' dir='ltr'>ad</span> <span class='ocrx_word' id='word_1_133' title='bbox 247 2381 372 2447; x_wconf 78' lang='lat' dir='ltr'>festum</span> <span class='ocrx_word' id='word_1_134' title='bbox 389 2382 424 2446; x_wconf 89' lang='lat' dir='ltr'>S.</span> <span class='ocrx_word' id='word_1_135' title='bbox 441 2382 581 2447; x_wconf 87' lang='lat' dir='ltr'>Hilarii.</span> 
     </span>
     <span class='ocr_line' id='line_1_21' title="bbox 235 2480 1298 2566; baseline -0.003 -19"><span class='ocrx_word' id='word_1_136' title='bbox 235 2482 367 2548; x_wconf 87' lang='lat' dir='ltr'>Eodem</span> <span class='ocrx_word' id='word_1_137' title='bbox 389 2502 481 2547; x_wconf 91' lang='lat' dir='ltr'>anno</span> <span class='ocrx_word' id='word_1_138' title='bbox 511 2481 696 2547; x_wconf 87' lang='lat' dir='ltr'>Heraclius</span> <span class='ocrx_word' id='word_1_139' title='bbox 726 2480 924 2566; x_wconf 84' lang='lat' dir='ltr'>patriarcba</span> <span class='ocrx_word' id='word_1_140' title='bbox 951 2492 988 2547; x_wconf 90' lang='lat' dir='ltr'>et</span> <span class='ocrx_word' id='word_1_141' title='bbox 1008 2483 1298 2548; x_wconf 73' lang='lat' dir='ltr'>Barisi-Aerninue</span> 
     </span>
    </p>
   </div>
   <div class='ocr_carea' id='block_1_3' title="bbox 104 2551 1284 2666">
    <p class='ocr_par' dir='ltr' id='par_1_3' title="bbox 104 2551 1284 2666">
     <span class='ocr_line' id='line_1_22' title="bbox 104 2551 1284 2666; baseline -0.008 -18"><span class='ocrx_word' id='word_1_142' title='bbox 104 2606 107 2613; x_wconf 92' lang='lat'>·</span> <span class='ocrx_word' id='word_1_143' title='bbox 183 2602 274 2648; x_wconf 87' lang='lat' dir='ltr'>anus</span> <span class='ocrx_word' id='word_1_144' title='bbox 291 2583 557 2666; x_wconf 88' lang='lat' dir='ltr'>Neapolitanus,</span> <span class='ocrx_word' id='word_1_145' title='bbox 580 2590 615 2648; x_wconf 93' lang='lat' dir='ltr'>et</span> <span class='ocrx_word' id='word_1_146' title='bbox 631 2581 846 2666; x_wconf 80' lang='lat' dir='ltr'>Reginaldus</span> <span class='ocrx_word' id='word_1_147' title='bbox 861 2581 1019 2647; x_wconf 89' lang='lat' dir='ltr'>dominus</span> <span class='ocrx_word' id='word_1_148' title='bbox 1036 2584 1137 2648; x_wconf 93' lang='lat' dir='ltr'>Sido·</span> <span class='ocrx_word' id='word_1_149' title='bbox 1149 2551 1284 2641; x_wconf 47' lang='lat' dir='ltr'>{iiiiii</span> 
     </span>
    </p>
   </div>
   <div class='ocr_carea' id='block_1_4' title="bbox 185 2652 1261 3672">
    <p class='ocr_par' dir='ltr' id='par_1_4' title="bbox 185 2652 1261 3672">
     <span class='ocr_line' id='line_1_23' title="bbox 185 2652 1261 2767; baseline -0.009 -18"><span class='ocrx_word' id='word_1_150' title='bbox 185 2684 333 2762; x_wconf 92' lang='lat' dir='ltr'>niornm,</span> <span class='ocrx_word' id='word_1_151' title='bbox 351 2682 515 2748; x_wconf 81' lang='lat' dir='ltr'>Saladino</span> <span class='ocrx_word' id='word_1_152' title='bbox 535 2679 772 2760; x_wconf 79' lang='lat' dir='ltr'>⁵Ascalonam,</span> <span class='ocrx_word' id='word_1_153' title='bbox 792 2691 827 2748; x_wconf 90' lang='lat' dir='ltr'>et</span> <span class='ocrx_word' id='word_1_154' title='bbox 842 2683 1022 2747; x_wconf 85' lang='lat' dir='ltr'>castellum</span> <span class='ocrx_word' id='word_1_155' title='bbox 1045 2686 1135 2767; x_wconf 91' lang='lat' dir='ltr'>quod</span> <span class='ocrx_word' id='word_1_156' title='bbox 1149 2652 1261 2753; x_wconf 64' lang='lat' dir='ltr'>{lilim</span> 
     </span>
     <span class='ocr_line' id='line_1_24' title="bbox 185 2775 1139 2862; baseline 0.001 -14"><span class='ocrx_word' id='word_1_157' title='bbox 185 2784 314 2850; x_wconf 89' lang='lat' dir='ltr'>dicitnr</span> <span class='ocrx_word' id='word_1_158' title='bbox 342 2779 492 2862; x_wconf 74' lang='lat' dir='ltr'>⁶Baron,</span> <span class='ocrx_word' id='word_1_159' title='bbox 517 2792 553 2850; x_wconf 91' lang='lat' dir='ltr'>et</span> <span class='ocrx_word' id='word_1_160' title='bbox 581 2783 724 2861; x_wconf 82' lang='lat' dir='ltr'>Gazam,</span> <span class='ocrx_word' id='word_1_161' title='bbox 754 2791 790 2848; x_wconf 92' lang='lat' dir='ltr'>et</span> <span class='ocrx_word' id='word_1_162' title='bbox 814 2775 1070 2859; x_wconf 85' lang='lat' dir='ltr'>⁷Galatetidem,</span> <span class='ocrx_word' id='word_1_163' title='bbox 1103 2793 1139 2849; x_wconf 88' lang='lat' dir='ltr'>et</span> 
     </span>
     <span class='ocr_line' id='line_1_25' title="bbox 186 2879 1140 2963; baseline 0 -13"><span class='ocrx_word' id='word_1_164' title='bbox 186 2879 556 2963; x_wconf 69' lang='lat' dir='ltr'>‘BlancamGardam</span> <span class='ocrx_word' id='word_1_165' title='bbox 574 2893 608 2950; x_wconf 89' lang='lat' dir='ltr'>et</span> <span class='ocrx_word' id='word_1_166' title='bbox 621 2885 760 2949; x_wconf 86' lang='lat' dir='ltr'>Turrim</span> <span class='ocrx_word' id='word_1_167' title='bbox 776 2884 940 2962; x_wconf 89' lang='lat' dir='ltr'>Militum,</span> <span class='ocrx_word' id='word_1_168' title='bbox 958 2892 993 2949; x_wconf 94' lang='lat' dir='ltr'>et</span> <span class='ocrx_word' id='word_1_169' title='bbox 1008 2883 1140 2950; x_wconf 85' lang='lat' dir='ltr'>Castel-</span> 
     </span>
     <span class='ocr_line' id='line_1_26' title="bbox 185 2985 1140 3068; baseline -0.001 -18"><span class='ocrx_word' id='word_1_170' title='bbox 185 2986 258 3050; x_wconf 90' lang='lat' dir='ltr'>lum</span> <span class='ocrx_word' id='word_1_171' title='bbox 272 2985 431 3064; x_wconf 87' lang='lat' dir='ltr'>Arnaldi,</span> <span class='ocrx_word' id='word_1_172' title='bbox 452 2994 488 3051; x_wconf 91' lang='lat' dir='ltr'>et</span> <span class='ocrx_word' id='word_1_173' title='bbox 506 2986 818 3062; x_wconf 87' lang='lat' dir='ltr'>Petram-Platam,</span> <span class='ocrx_word' id='word_1_174' title='bbox 834 2993 869 3050; x_wconf 92' lang='lat' dir='ltr'>et</span> <span class='ocrx_word' id='word_1_175' title='bbox 884 2985 1082 3068; x_wconf 90' lang='lat' dir='ltr'>Neapolim,</span> <span class='ocrx_word' id='word_1_176' title='bbox 1104 2992 1140 3050; x_wconf 90' lang='lat' dir='ltr'>et</span> 
     </span>
     <span class='ocr_line' id='line_1_27' title="bbox 188 3084 1139 3170; baseline 0.001 -20"><span class='ocrx_word' id='word_1_177' title='bbox 188 3085 404 3170; x_wconf 83' lang='lat' dir='ltr'>Gybilinnm‚</span> <span class='ocrx_word' id='word_1_178' title='bbox 426 3095 462 3152; x_wconf 92' lang='lat' dir='ltr'>et</span> <span class='ocrx_word' id='word_1_179' title='bbox 485 3086 624 3170; x_wconf 86' lang='lat' dir='ltr'>Joppen</span> <span class='ocrx_word' id='word_1_180' title='bbox 654 3105 716 3169; x_wconf 91' lang='lat' dir='ltr'>pro</span> <span class='ocrx_word' id='word_1_181' title='bbox 745 3086 948 3150; x_wconf 88' lang='lat' dir='ltr'>liberatione</span> <span class='ocrx_word' id='word_1_182' title='bbox 968 3084 1139 3151; x_wconf 87' lang='lat' dir='ltr'>Gnidonis</span> 
     </span>
     <span class='ocr_line' id='line_1_28' title="bbox 186 3185 1139 3270; baseline -0.001 -19"><span class='ocrx_word' id='word_1_183' title='bbox 186 3188 280 3270; x_wconf 81' lang='lat' dir='ltr'>regis</span> <span class='ocrx_word' id='word_1_184' title='bbox 298 3186 504 3265; x_wconf 86' lang='lat' dir='ltr'>Jerusalem,</span> <span class='ocrx_word' id='word_1_185' title='bbox 517 3201 553 3253; x_wconf 86' lang='lat' dir='ltr'>et</span> <span class='ocrx_word' id='word_1_186' title='bbox 569 3186 726 3268; x_wconf 78' lang='lat' dir='ltr'>magistri</span> <span class='ocrx_word' id='word_1_187' title='bbox 747 3186 879 3250; x_wconf 85' lang='lat' dir='ltr'>militiae</span> <span class='ocrx_word' id='word_1_188' title='bbox 897 3185 1046 3269; x_wconf 88' lang='lat' dir='ltr'>Templi,</span> <span class='ocrx_word' id='word_1_189' title='bbox 1062 3186 1139 3250; x_wconf 88' lang='lat' dir='ltr'>red-</span> 
     </span>
     <span class='ocr_line' id='line_1_29' title="bbox 186 3279 1141 3370; baseline 0 -19"><span class='ocrx_word' id='word_1_190' title='bbox 186 3287 268 3352; x_wconf 88' lang='lat' dir='ltr'>dere</span> <span class='ocrx_word' id='word_1_191' title='bbox 282 3296 540 3352; x_wconf 84' lang='lat' dir='ltr'>consensernnt.</span> <span class='ocrx_word' id='word_1_192' title='bbox 579 3287 750 3352; x_wconf 84' lang='lat' dir='ltr'>Convenit</span> <span class='ocrx_word' id='word_1_193' title='bbox 768 3287 869 3350; x_wconf 87' lang='lat' dir='ltr'>etiam</span> <span class='ocrx_word' id='word_1_194' title='bbox 890 3293 928 3349; x_wconf 92' lang='lat' dir='ltr'>ut</span> <span class='ocrx_word' id='word_1_195' title='bbox 942 3279 1141 3370; x_wconf 86' lang='lat' dir='ltr'>⁹unusqnis·</span> 
     </span>
     <span class='ocr_line' id='line_1_30' title="bbox 188 3386 1143 3472; baseline -0.003 -19"><span class='ocrx_word' id='word_1_196' title='bbox 188 3407 257 3472; x_wconf 87' lang='lat' dir='ltr'>que</span> <span class='ocrx_word' id='word_1_197' title='bbox 284 3388 345 3470; x_wconf 92' lang='lat' dir='ltr'>qui</span> <span class='ocrx_word' id='word_1_198' title='bbox 372 3388 405 3451; x_wconf 89' lang='lat' dir='ltr'>ei</span> <span class='ocrx_word' id='word_1_199' title='bbox 426 3387 561 3453; x_wconf 85' lang='lat' dir='ltr'>solvere</span> <span class='ocrx_word' id='word_1_200' title='bbox 589 3394 707 3471; x_wconf 91' lang='lat' dir='ltr'>posset</span> <span class='ocrx_word' id='word_1_201' title='bbox 734 3386 884 3470; x_wconf 89' lang='lat' dir='ltr'>quinque</span> <span class='ocrx_word' id='word_1_202' title='bbox 913 3386 1076 3461; x_wconf 82' lang='lat' dir='ltr'>bizantio,</span> <span class='ocrx_word' id='word_1_203' title='bbox 1106 3395 1143 3450; x_wconf 89' lang='lat' dir='ltr'>et</span> 
     </span>
     <span class='ocr_line' id='line_1_31' title="bbox 187 3485 1142 3571; baseline -0.003 -18"><span class='ocrx_word' id='word_1_204' title='bbox 187 3487 316 3553; x_wconf 82' lang='lat' dir='ltr'>femina</span> <span class='ocrx_word' id='word_1_205' title='bbox 338 3506 416 3571; x_wconf 85' lang='lat' dir='ltr'>quae</span> <span class='ocrx_word' id='word_1_206' title='bbox 438 3495 557 3570; x_wconf 87' lang='lat' dir='ltr'>posset</span> <span class='ocrx_word' id='word_1_207' title='bbox 577 3488 711 3551; x_wconf 88' lang='lat' dir='ltr'>solvere</span> <span class='ocrx_word' id='word_1_208' title='bbox 734 3485 802 3550; x_wconf 95' lang='lat' dir='ltr'>duo</span> <span class='ocrx_word' id='word_1_209' title='bbox 827 3486 977 3549; x_wconf 82' lang='lat' dir='ltr'>bizantio</span> <span class='ocrx_word' id='word_1_210' title='bbox 994 3495 1030 3550; x_wconf 94' lang='lat' dir='ltr'>et</span> <span class='ocrx_word' id='word_1_211' title='bbox 1046 3487 1142 3550; x_wconf 89' lang='lat' dir='ltr'>dimi-</span> 
     </span>
     <span class='ocr_line' id='line_1_32' title="bbox 187 3586 1141 3672; baseline -0.002 -20"><span class='ocrx_word' id='word_1_212' title='bbox 187 3588 296 3664; x_wconf 88' lang='lat' dir='ltr'>dium,</span> <span class='ocrx_word' id='word_1_213' title='bbox 320 3596 357 3653; x_wconf 89' lang='lat' dir='ltr'>et</span> <span class='ocrx_word' id='word_1_214' title='bbox 374 3607 461 3671; x_wconf 86' lang='lat' dir='ltr'>puer</span> <span class='ocrx_word' id='word_1_215' title='bbox 476 3589 535 3672; x_wconf 91' lang='lat' dir='ltr'>qui</span> <span class='ocrx_word' id='word_1_216' title='bbox 551 3596 669 3671; x_wconf 87' lang='lat' dir='ltr'>posset</span> <span class='ocrx_word' id='word_1_217' title='bbox 681 3587 816 3651; x_wconf 86' lang='lat' dir='ltr'>solvere</span> <span class='ocrx_word' id='word_1_218' title='bbox 831 3605 935 3650; x_wconf 93' lang='lat' dir='ltr'>unum</span> <span class='ocrx_word' id='word_1_219' title='bbox 952 3586 1141 3651; x_wconf 86' lang='lat' dir='ltr'>bizantium</span> 
     </span>
    </p>
   </div>
   <div class='ocr_carea' id='block_1_5' title="bbox 188 3686 1142 3765">
    <p class='ocr_par' dir='ltr' id='par_1_5' title="bbox 188 3686 1142 3765">
     <span class='ocr_line' id='line_1_33' title="bbox 188 3686 1142 3765; baseline -0.003 -12"><span class='ocrx_word' id='word_1_220' title='bbox 188 3696 224 3753; x_wconf 91' lang='lat' dir='ltr'>et</span> <span class='ocrx_word' id='word_1_221' title='bbox 242 3686 432 3765; x_wconf 87' lang='lat' dir='ltr'>dimidium,</span> <span class='ocrx_word' id='word_1_222' title='bbox 447 3696 650 3752; x_wconf 89' lang='lat' dir='ltr'>eruerentur</span> <span class='ocrx_word' id='word_1_223' title='bbox 666 3707 688 3751; x_wconf 85' lang='lat' dir='ltr'>a</span> <span class='ocrx_word' id='word_1_224' title='bbox 704 3688 863 3750; x_wconf 88' lang='lat' dir='ltr'>manibus</span> <span class='ocrx_word' id='word_1_225' title='bbox 879 3686 1142 3764; x_wconf 87' lang='lat' dir='ltr'>Saracenorum,</span> 
     </span>
    </p>
   </div>
   <div class='ocr_carea' id='block_1_6' title="bbox 190 3877 1145 4226">
    <p class='ocr_par' dir='ltr' id='par_1_6' title="bbox 224 3877 950 3945">
     <span class='ocr_line' id='line_1_34' title="bbox 224 3877 950 3945; baseline -0.006 -10"><span class='ocrx_word' id='word_1_226' title='bbox 224 3882 233 3915; x_wconf 85' lang='lat'>¹</span> <span class='ocrx_word' id='word_1_227' title='bbox 251 3880 391 3945; x_wconf 77' lang='lat' dir='ltr'>‘inemnt3’</span> <span class='ocrx_word' id='word_1_228' title='bbox 403 3879 472 3934; x_wconf 72' lang='grc' dir='ltr'>ΠΛ.</span> <span class='ocrx_word' id='word_1_229' title='bbox 483 3888 507 3934; x_wconf 83' lang='lat' dir='ltr'>et</span> <span class='ocrx_word' id='word_1_230' title='bbox 518 3883 566 3935; x_wconf 78' lang='lat' dir='ltr'>Ar.</span> <span class='ocrx_word' id='word_1_231' title='bbox 712 3880 723 3911; x_wconf 81' lang='lat'>⁶</span> <span class='ocrx_word' id='word_1_232' title='bbox 739 3882 844 3931; x_wconf 82' lang='lat' dir='ltr'>‘Varon</span> <span class='ocrx_word' id='word_1_233' title='bbox 854 3877 867 3940; x_wconf 73' lang='grc' dir='ltr'>ς’</span> <span class='ocrx_word' id='word_1_234' title='bbox 880 3878 950 3931; x_wconf 74' lang='lat' dir='ltr'>n’A.</span> 
     </span>
    </p>

    <p class='ocr_par' dir='ltr' id='par_1_7' title="bbox 190 3945 1145 4086">
     <span class='ocr_line' id='line_1_35' title="bbox 224 3945 1145 4017; baseline -0.008 -11"><span class='ocrx_word' id='word_1_235' title='bbox 224 3953 358 4005; x_wconf 77' lang='lat' dir='ltr'>’‘ermi</span> <span class='ocrx_word' id='word_1_236' title='bbox 369 3955 386 4017; x_wconf 70' lang='lat'>3&#39;</span> <span class='ocrx_word' id='word_1_237' title='bbox 403 3954 442 4005; x_wconf 85' lang='grc' dir='ltr'>Μ.</span> <span class='ocrx_word' id='word_1_238' title='bbox 458 3959 483 4004; x_wconf 80' lang='lat' dir='ltr'>et</span> <span class='ocrx_word' id='word_1_239' title='bbox 494 3953 558 4004; x_wconf 73' lang='lat' dir='ltr'>Aa:</span> <span class='ocrx_word' id='word_1_240' title='bbox 576 3954 654 4004; x_wconf 64' lang='lat' dir='ltr'>‘Cra</span> <span class='ocrx_word' id='word_1_241' title='bbox 712 3949 723 3986; x_wconf 82' lang='lat'><strong><em>⁷</em></strong></span> <span class='ocrx_word' id='word_1_242' title='bbox 740 3952 944 4012; x_wconf 55' lang='lat' dir='ltr'>‘Galtedidemf</span> <span class='ocrx_word' id='word_1_243' title='bbox 964 3945 1048 4000; x_wconf 76' lang='lat' dir='ltr'>D’A.:</span> <span class='ocrx_word' id='word_1_244' title='bbox 1072 3951 1145 4000; x_wconf 86' lang='lat' dir='ltr'>‘Ga-</span> 
     </span>
     <span class='ocr_line' id='line_1_36' title="bbox 190 4017 990 4086; baseline -0.008 -8"><span class='ocrx_word' id='word_1_245' title='bbox 190 4027 244 4078; x_wconf 75' lang='lat' dir='ltr'>ssri</span> <span class='ocrx_word' id='word_1_246' title='bbox 252 4021 268 4086; x_wconf 91' lang='lat'>;’</span> <span class='ocrx_word' id='word_1_247' title='bbox 279 4021 349 4076; x_wconf 62' lang='lat' dir='ltr'>Did.</span> <span class='ocrx_word' id='word_1_248' title='bbox 678 4023 813 4072; x_wconf 88' lang='lat' dir='ltr'>latocidem</span> <span class='ocrx_word' id='word_1_249' title='bbox 826 4017 840 4081; x_wconf 75' lang='lat'>3’</span> <span class='ocrx_word' id='word_1_250' title='bbox 859 4023 897 4072; x_wconf 87' lang='lat' dir='ltr'>M.</span> <span class='ocrx_word' id='word_1_251' title='bbox 910 4025 934 4069; x_wconf 85' lang='lat' dir='ltr'>et</span> <span class='ocrx_word' id='word_1_252' title='bbox 944 4022 990 4072; x_wconf 77' lang='lat' dir='ltr'>Ar.</span> 
     </span>
    </p>

    <p class='ocr_par' dir='ltr' id='par_1_8' title="bbox 228 4087 1073 4156">
     <span class='ocr_line' id='line_1_37' title="bbox 228 4087 1073 4156; baseline -0.007 -10"><span class='ocrx_word' id='word_1_253' title='bbox 228 4094 239 4125; x_wconf 81' lang='lat'><strong>³</strong></span> <span class='ocrx_word' id='word_1_254' title='bbox 254 4097 383 4145; x_wconf 83' lang='lat' dir='ltr'>‘dominia</span> <span class='ocrx_word' id='word_1_255' title='bbox 391 4091 405 4156; x_wconf 84' lang='lat'>;’</span> <span class='ocrx_word' id='word_1_256' title='bbox 423 4094 462 4144; x_wconf 85' lang='grc' dir='ltr'>Μ.</span> <span class='ocrx_word' id='word_1_257' title='bbox 474 4099 499 4144; x_wconf 85' lang='lat' dir='ltr'>et</span> <span class='ocrx_word' id='word_1_258' title='bbox 509 4092 557 4143; x_wconf 76' lang='lat' dir='ltr'>Ar.</span> <span class='ocrx_word' id='word_1_259' title='bbox 715 4091 725 4121; x_wconf 83' lang='lat'>⁸</span> <span class='ocrx_word' id='word_1_260' title='bbox 741 4094 749 4122; x_wconf 83' lang='lat'>‘</span> <span class='ocrx_word' id='word_1_261' title='bbox 760 4092 908 4141; x_wconf 74' lang='lat' dir='ltr'>biarchiam</span> <span class='ocrx_word' id='word_1_262' title='bbox 918 4087 933 4152; x_wconf 90' lang='lat'>;’</span> <span class='ocrx_word' id='word_1_263' title='bbox 945 4093 983 4141; x_wconf 87' lang='lat' dir='ltr'>M.</span> <span class='ocrx_word' id='word_1_264' title='bbox 991 4096 1015 4140; x_wconf 82' lang='lat' dir='ltr'>et</span> <span class='ocrx_word' id='word_1_265' title='bbox 1026 4092 1073 4140; x_wconf 79' lang='lat' dir='ltr'>Ar.</span> 
     </span>
    </p>

    <p class='ocr_par' dir='ltr' id='par_1_9' title="bbox 226 4161 1144 4226">
     <span class='ocr_line' id='line_1_38' title="bbox 226 4161 1144 4226; baseline -0.008 -11"><span class='ocrx_word' id='word_1_266' title='bbox 226 4165 236 4197; x_wconf 89' lang='lat'><strong>⁴</strong></span> <span class='ocrx_word' id='word_1_267' title='bbox 253 4161 327 4215; x_wconf 83' lang='lat' dir='ltr'>‘sno&#39;</span> <span class='ocrx_word' id='word_1_268' title='bbox 339 4165 472 4216; x_wconf 84' lang='lat' dir='ltr'>isomitled</span> <span class='ocrx_word' id='word_1_269' title='bbox 483 4166 509 4214; x_wconf 91' lang='lat' dir='ltr'>in</span> <span class='ocrx_word' id='word_1_270' title='bbox 521 4165 581 4214; x_wconf 86' lang='lat' dir='ltr'>Cod.</span> <span class='ocrx_word' id='word_1_271' title='bbox 591 4165 654 4226; x_wconf 78' lang='lat' dir='ltr'>Reg.</span> <span class='ocrx_word' id='word_1_272' title='bbox 715 4162 726 4195; x_wconf 83' lang='lat'><strong>⁰</strong></span> <span class='ocrx_word' id='word_1_273' title='bbox 742 4164 750 4192; x_wconf 77' lang='lat'><em>⁴</em></span> <span class='ocrx_word' id='word_1_274' title='bbox 764 4163 939 4224; x_wconf 85' lang='lat' dir='ltr'>unnsquisque</span> <span class='ocrx_word' id='word_1_275' title='bbox 958 4161 1047 4224; x_wconf 87' lang='lat' dir='ltr'>bomo;</span> <span class='ocrx_word' id='word_1_276' title='bbox 1067 4162 1105 4210; x_wconf 85' lang='grc' dir='ltr'>Μ.</span> <span class='ocrx_word' id='word_1_277' title='bbox 1120 4166 1144 4209; x_wconf 82' lang='lat' dir='ltr'>el</span> 
     </span>
    </p>
   </div>
   <div class='ocr_carea' id='block_1_7' title="bbox 227 4231 730 4297">
    <p class='ocr_par' dir='ltr' id='par_1_10' title="bbox 227 4231 730 4297">
     <span class='ocr_line' id='line_1_39' title="bbox 227 4231 730 4297; baseline -0.004 -10"><span class='ocrx_word' id='word_1_278' title='bbox 227 4235 238 4268; x_wconf 79' lang='lat'>⁸</span> <span class='ocrx_word' id='word_1_279' title='bbox 254 4237 421 4287; x_wconf 67' lang='lat' dir='ltr'>‘Ascalonem</span> <span class='ocrx_word' id='word_1_280' title='bbox 429 4236 446 4297; x_wconf 70' lang='grc' dir='ltr'>ς’</span> <span class='ocrx_word' id='word_1_281' title='bbox 458 4231 527 4286; x_wconf 72' lang='grc' dir='ltr'>ΠΛ.</span> <span class='ocrx_word' id='word_1_282' title='bbox 681 4233 730 4285; x_wconf 78' lang='lat' dir='ltr'>Ar.</span> 
     </span>
    </p>
   </div>
   <div class='ocr_carea' id='block_1_8' title="bbox 0 0 1469 4860">
    <p class='ocr_par' dir='ltr' id='par_1_11' title="bbox 0 0 1469 4860">
     <span class='ocr_line' id='line_1_40' title="bbox 0 0 1469 4860; baseline 0 0"><span class='ocrx_word' id='word_1_283' title='bbox 0 0 1469 4860; x_wconf 95' lang='lat' dir='ltr'> </span> 
     </span>
    </p>
   </div>
  </div>
 </body>
</html>
