2896 4860
566 426 750 477 annuens.
1069 411 1134 475 149

178 589 357 671 pecuniam
379 588 456 673 ejus
480 589 603 671 rapuit.
658 588 733 652 Nos
749 609 830 653 vero
848 589 1024 654 Marelriso
1044 612 1129 655 nun·
1143 620 1189 658 rae
1202 620 1242 659 oa

179 690 246 754 ties
281 697 417 755 nostros
446 689 612 781 misimus,
644 690 846 753 mandantes
880 700 918 755 ut
950 693 1129 775 pecuniam
1144 670 1273 762 iiilffiii

178 788 296 854 fratris
319 790 426 855 nostri
449 790 545 854 nobis
573 789 739 867 redderet,
766 798 800 855 et
821 791 863 854 de
882 800 991 856 morte
1015 792 1131 857 fratris
1143 772 1211 811 Μ’

181 891 289 955 nostri
314 891 489 954 nobiscum
514 910 552 954 se
573 890 816 955 concordaret:
850 899 885 955 et
904 892 1026 970 noluit,
1052 914 1130 959 nee·

177 1010 249 1055 non
266 998 301 1055 et
317 992 456 1055 nuntios
474 1002 609 1055 nostros
630 992 771 1073 sprevit,
795 1000 831 1056 et
848 999 990 1056 mortem
1014 994 1130 1058 fratris

180 1091 288 1156 nostri
315 1111 419 1173 super
444 1090 675 1172 Reginaldum
703 1092 876 1157 dominum
905 1092 1041 1157 Sidonis
1070 1116 1131 1178 po-

178 1192 271 1271 suit3
298 1200 333 1255 et
358 1211 421 1256 nos
444 1201 577 1257 tantum
602 1192 744 1256 fecimus
760 1214 822 1276 per
837 1194 1002 1283 amicosst
1027 1203 1129 1273 sth,

180 1292 274 1376 quod
297 1285 347 1355 ¹in
369 1291 515 1357 veritate
537 1293 711 1370 scivimus,
735 1295 826 1376 quod
848 1296 921 1376 ipse
939 1294 970 1358 fe
1005 1296 1129 1359 tillum

177 1391 335 1458 occidere
358 1400 394 1457 et
415 1394 595 1475 pecuniam
620 1413 752 1476 rapere.
805 1395 850 1458 Et
873 1396 995 1459 iterum
1025 1395 1128 1460 alium

179 1492 350 1571 nuntium,
385 1494 521 1558 nomine
558 1495 730 1571 Edrisum,
767 1494 921 1558 misimus
958 1496 1000 1559 ad
1039 1516 1129 1574 eum,

179 1613 280 1678 quem
303 1596 338 1657 iu
358 1613 452 1659 mare
478 1615 631 1676 mergere
657 1595 790 1675 voluit3
814 1596 873 1660 sed
898 1596 998 1659 amici
1022 1601 1130 1661 nostri

179 1694 277 1759 illum
300 1713 321 1758 a
342 1694 438 1778 Tyro
463 1695 666 1760 festinanter
695 1697 849 1760 fecerunt
876 1695 1044 1774 recedere,
1071 1699 1130 1780 qui

179 1796 224 1861 ad
256 1815 320 1859 nos
350 1797 420 1860 cito
449 1798 615 1878 pervenit,
649 1803 683 1859 et
713 1797 781 1860 ista
814 1798 912 1860 nobis
944 1799 1129 1865 nuntiavit.

181 1896 258 1963 Nos
280 1915 418 1980 quoque
447 1915 492 1959 ex
523 1897 583 1961 illa
612 1897 696 1960 hora
724 1896 934 1962 Marchisum
959 1897 1131 1963 desidera-

181 1998 294 2061 vimus
317 1997 492 2075 0ccidere;
526 1991 694 2079 ²tuncque
719 1998 805 2062 duos
826 1999 950 2062 fratres
976 2000 1130 2063 misimus

180 2097 225 2162 ad
249 2098 394 2183 Tyrum,
417 2098 474 2180 qui
502 2119 579 2162 enm
606 2106 724 2180 aperte
743 2107 777 2162 ct
803 2099 874 2163 fere
897 2119 1011 2164 coram
1039 2101 1132 2163 omni

180 2199 310 2282 populo
328 2197 412 2281 Tyri
437 2199 646 2263 occiderunt.
700 2199 788 2263 Haec
806 2200 925 2282 utique
947 2201 1012 2264 fuit
1027 2220 1132 2265 causa

181 2300 302 2364 mortis
328 2298 508 2377 Marchisi,
531 2308 566 2365 ct
592 2299 844 2364 benedicimus
868 2302 964 2364 vobis
985 2301 1020 2364 in
1046 2301 1134 2365 veri·

181 2408 265 2478 tate,
284 2400 373 2483 quod
391 2400 549 2463 dominus
568 2400 740 2464 Ricardus
766 2422 827 2465 rex
854 2401 992 2483 Angliae
1015 2401 1049 2464 in
1068 2402 1133 2465 hac

183 2500 350 2566 Marchisi
378 2507 488 2564 morte
515 2500 643 2564 nullam
666 2502 802 2583 culpem
832 2502 977 2567 habuit:
1016 2504 1131 2585 etqui

182 2611 324 2686 propter
348 2602 412 2665 hoc
433 2602 571 2665 domino
587 2603 660 2684 regi
678 2600 816 2683 Angliae
834 2603 961 2667 malum
976 2603 1131 2678 fecerint,

184 2703 313 2787 injuste
333 2701 474 2766 fecerint
494 2710 529 2766 et
544 2703 618 2766 sine
638 2721 755 2766 causa.
807 2702 934 2767 Sciatis
956 2723 1018 2786 pro
1039 2715 1132 2767 certo

182 2804 275 2887 quud
293 2802 421 2866 nullum
442 2803 609 2866 hominem
630 2803 732 2887 hujus
754 2803 870 2867 mundi
897 2823 958 2886 pro
979 2804 1133 2869 mercede

183 2905 301 2988 aliqua
326 2904 381 2967 vel
410 2903 555 2985 pecunia
583 2903 779 2977 occidimus,
813 2905 878 2967 nisi
909 2905 1003 2987 prius
1035 2906 1133 2969 nobis

183 3006 311 3070 malum
336 3003 475 3082 fecerit;
505 3012 539 3067 et
566 3005 684 3068 sciatis
710 3005 800 3087 quod
829 3005 963 3069 litteras
992 3006 1133 3069 fecimus

183 3108 269 3171 istus
285 3106 319 3170 in
339 3105 440 3170 domo
460 3112 578 3168 nostra
595 3105 638 3168 ad
661 3104 840 3169 castellum
865 3115 1019 3171 nostrum
1043 3106 1133 3169 Mes-

184 3208 252 3272 siat
274 3208 310 3270 in
332 3206 473 3270 dimidio
497 3206 719 3289 Septembris,
744 3225 835 3270 anno
861 3208 904 3270 ab
934 3204 1133 3270 Alexandro

184 3306 365 3372 millesimo
382 3307 656 3389 quingentesimo
672 3300 835 3389 quint0.’³

234 3407 330 3471 Hinc
344 3407 567 3490 proculdubio
579 3427 692 3488 regem
707 3417 845 3472 constat
854 3428 930 3472 esse
944 3409 1133 3485 innoxium,

184 3510 266 3593 quia
283 3508 379 3572 falsae
401 3516 576 3589 conceptae
600 3509 861 3591 praesumptioni
885 3509 949 3572 rite
971 3508 1133 3593 praejudi-

185 3620 243 3676 cat
270 3615 464 3693 spontanea
496 3609 545 3671 rei
575 3608 770 3689 confessi03
805 3609 865 3673 sed
896 3609 953 3672 ubi
987 3611 1134 3674 mutibus

184 3711 256 3776 suis
295 3708 527 3774 indifferenter
561 3709 677 3790 agitur
712 3709 930 3792 praecipitata
962 3709 1135 3787 voluntate,

221 3966 230 3998 ¹
246 3967 393 4016 ‘veritatem
402 3960 416 4025 ς’
434 3964 473 4014 M.
676 3969 726 4027 ³8„
734 3964 829 4046 though
841 3962 1020 4046 conditionally
1027 3962 1136 4012 allowed

220 4070 474 4139 ’‘tumnez‘w·
674 4034 1138 4167 teritumterrulam?

221 4180 233 4212 ⁸
247 4182 311 4232 'l'lris
321 4182 395 4230 letter
405 4179 436 4229 of
442 4181 450 4207 ‘
458 4178 513 4228 The
521 4178 573 4228 Old
586 4177 648 4226 ltlnu
674 4176 752 4237 sides,
762 4176 804 4224 the
815 4174 874 4223 date
886 4175 948 4222 from
957 4175 1103 4224 Alexander
1115 4175 1137 4223 is

186 4254 261 4304 ofthe
270 4245 420 4314 Mouutaiu,’
427 4250 529 4311 Diceto,
537 4249 648 4299 celest.
674 4261 808 4297 erroneous
819 4248 852 4307 by
864 4250 906 4295 ten
917 4259 1000 4307 years.
