2896 4860
327 368 392 434 138
680 385 754 434 uro.
777 384 925 433 rameri

328 545 413 610 nulli
426 565 501 611 eam
516 544 668 623 reddere,
683 544 750 609 nisi
763 546 837 628 regi
849 544 1001 628 Angliae,
1016 545 1106 611 sicut
1119 544 1279 611 dominus

327 665 412 711 snus
427 646 577 711 moriens
594 645 778 711 ordinavit.

166 761 315 812 contuor
378 746 466 812 Post
487 745 561 811 haec
583 748 628 811 ab
649 746 812 811 universo
834 745 962 829 populo
984 746 1022 810 in
1042 766 1157 829 regem
1175 745 1280 811 Jeru-

164 815 269 914 i'd'iiin
328 847 435 912 salem
452 847 592 930 eligitur
607 866 721 912 comes
736 845 912 911 Henricns
923 845 1135 931 Campaniae.
1167 845 1280 928 Super

167 916 293 956 'mmm'
327 948 420 1031 quod
435 947 559 1013 eximie
575 948 715 1012 laetatus
739 966 802 1010 rex
826 946 1010 1024 Ricardus,
1031 948 1149 1012 statim
1167 945 1278 1011 eidem

327 1047 503 1113 civitatem
522 1040 658 1113 ¹Achon
683 1047 854 1112 concessit
877 1046 913 1110 in
937 1045 1124 1112 dominium
1151 1045 1280 1129 sempi-

327 1157 472 1214 ternum.
519 1147 607 1213 Post
639 1147 714 1213 haec
739 1145 914 1230 profectus
942 1166 1005 1212 rex
1032 1145 1204 1211 Ricardns
1234 1144 1279 1210 ad

327 1257 479 1313 castrum
506 1248 652 1325 Darum,
680 1247 773 1331 quod
798 1255 875 1312 erat
900 1246 1136 1325 fortissimum,
1159 1246 1277 1311 decern

328 1357 363 1413 et
385 1356 517 1430 septem
545 1348 696 1413 turribus
723 1347 905 1425 munitum,
931 1341 1126 1412 ¹obsidione
1152 1347 1279 1430 posita,

327 1448 418 1513 infra
451 1455 601 1531 quatuor
638 1447 711 1512 dies
746 1448 863 1530 cepit3
896 1456 1036 1532 captum
1070 1466 1153 1513 vero
1183 1445 1279 1510 dedit

328 1547 483 1613 Henrico
505 1548 635 1624 comiti,
651 1548 725 1631 Jam
748 1548 784 1610 in
806 1566 920 1630 regem
939 1548 1061 1626 electo,
1078 1566 1155 1611 cnm
1174 1545 1279 1629 perti-

328 1649 454 1712 nentiis
476 1648 633 1711 omnibus
655 1646 849 1728 adquisitis.
901 1647 1003 1730 Cepit
1018 1653 1098 1732 post
1113 1646 1189 1711 haec
1204 1664 1280 1710 cas·

330 1755 420 1811 trum
438 1748 530 1831 quod
550 1747 676 1811 dicitur
691 1747 849 1811 Ficuum.
896 1748 1070 1813 Redeunti
1085 1745 1209 1812 deinde
1220 1765 1283 1829 per

329 1841 539 1913 ³Cannetum
564 1846 817 1912 Sturnellorum
842 1849 994 1912 occurrit
1016 1846 1157 1931 quidam
1179 1845 1281 1910 cleri·

329 1967 390 2011 cus
404 1948 544 2013 veniens
558 1947 600 2011 de
614 1945 756 2029 Anglia,
776 1949 914 2012 nomine
934 1946 957 2012 J
961 1967 1089 2012 oannes
1110 1944 1153 2011 de
1173 1945 1282 2011 Alen-

330 2056 401 2126 ton,
434 2047 596 2112 nuntians
623 2045 788 2129 Angliam
819 2049 992 2112 turbatam
1023 2068 1085 2131 per
1107 2046 1131 2112 J
1134 2064 1281 2111 oannem

330 2147 489 2212 comitem
509 2146 650 2211 fratrem
668 2148 772 2228 regis,
789 2148 849 2229 qui
871 2167 893 2212 a
915 2167 996 2229 rege
1016 2147 1185 2224 Franciee,
1210 2165 1283 2211 cre-

331 2247 401 2311 bris
437 2248 744 2312 intercurrentibus
776 2248 918 2325 nuntiis,
953 2247 1206 2313 sollicitabatur
1236 2245 1281 2310 ad

330 2345 527 2431 hujusmodi
562 2345 728 2410 nefariam
764 2347 1005 2430 proditionem.
1062 2347 1174 2430 Super
1211 2365 1282 2429 qno

330 2446 432 2510 valde
456 2454 660 2523 commotus,
689 2466 766 2512 cum
786 2449 925 2511 omnino
952 2447 1140 2531 repatriare
1164 2446 1284 2529 dispo·

331 2547 470 2624 suisset,
494 2555 574 2630 post
594 2565 785 2611 sermonem
805 2546 984 2632 cujusdam
1007 2546 1189 2631 capellani,
1211 2546 1283 2610 ele·

331 2654 453 2726 gauter
487 2648 595 2710 eidem
632 2665 762 2711 moram
799 2647 995 2712 ulteriorem
1031 2646 1284 2729 persuadentis,

332 2746 480 2810 mutavit
493 2746 718 2829 propositum.

383 2846 517 2910 Deinde
539 2866 600 2910 rex
627 2845 893 2929 Betbonopolim
916 2846 1090 2929 profectus
1112 2846 1284 2929 disposuit

169 2930 180 2959 ¹
198 2979 207 3008 t
224 2928 261 2958 '⁰'
278 2928 292 2957 ⁰
332 2943 527 3009 Jerusalem
545 2946 722 3010 obsidere:
747 2945 806 3009 ubi
822 2946 941 3010 audito
956 2945 1047 3030 qnod
1065 2947 1173 3011 Turci
1190 2947 1286 3011 sede-

255 3028 300 3065 ω
333 3052 411 3109 rent
425 3045 461 3109 in
483 3047 655 3110 montanis
679 3047 714 3109 in
739 3045 884 3124 insidiis,
899 3046 981 3110 illuc
998 3046 1172 3129 profectus
1189 3047 1286 3130 ipsos

333 3145 591 3227 comprehendit
600 3144 812 3229 improvidos
826 3164 836 3224 ;
865 3146 907 3211 de
922 3146 1046 3230 quibus
1064 3147 1223 3229 plurimis
1235 3148 1286 3212 in·

334 3245 501 3321 terfectis‚
523 3247 616 3328 cepit
633 3264 825 3328 praeconem
851 3245 1019 3325 saladini,
1035 3247 1287 3331 plurimamque

333 3345 487 3409 lucratus
504 3354 558 3410 est
572 3345 736 3428 praedam.
788 3344 877 3410 Cum
893 3355 1011 3411 autem
1027 3347 1119 3430 apud
1133 3347 1285 3431 majores

335 3444 516 3509 altercatio
536 3452 629 3510 esset
651 3443 694 3510 de
719 3445 895 3511 obsidione
921 3446 1128 3525 Jerusalem,
1152 3467 1217 3512 rex
1244 3448 1287 3513 de

334 3545 506 3608 communi
542 3547 693 3610 omnium
730 3564 900 3611 consensu
936 3547 1019 3629 eligi
1048 3546 1131 3613 fecit
1160 3549 1288 3630 viginti

173 3668 289 3710 narrem
334 3644 440 3722 viros,
469 3645 620 3730 quinque
644 3645 873 3729 Templarios,
902 3647 1054 3731 quinque
1083 3648 1288 3732 Hospitala-

171 3719 315 3819 iiii-isid?
334 3744 416 3822 rios,
440 3746 592 3828 quinque
617 3745 781 3829 Syrianos
802 3745 897 3810 illius
917 3753 1019 3812 terrae
1040 3746 1234 3832 indigenas,
1252 3757 1289 3814 et

171 3822 198 3870 by
207 3819 280 3859 advice
288 3819 313 3858 ol
384 3846 391 3859 .

173 3869 276 3960 ..0331
334 3864 484 3928 qumque
508 3846 551 3908 do
580 3846 780 3928 peregrinis,
807 3847 866 3927 qui
894 3847 1005 3931 jurati
1039 3848 1288 3914 arbitrarentur

172 3929 313 4062 gilisa&
334 3945 415 4027 quid
449 3946 491 4009 de
525 3946 702 4010 obsidione
733 3944 927 4011 Jerusalem
962 3948 1133 4033 agendum
1165 3949 1286 4014 utilius

369 4127 376 4159 ¹
394 4131 402 4158 ⁴
410 4130 499 4179 Acbon
509 4125 523 4191 ;'
540 4132 652 4192 wanting
664 4132 690 4180 in
702 4132 740 4182 M.
854 4128 865 4164 ⁸
882 4133 1051 4184 ‘Cannettum
1061 4134 1080 4196 ς’
1092 4135 1152 4185 eoa
1165 4136 1231 4199 Reg.

369 4197 379 4226 ²
393 4201 588 4262 ‘obsidioneque
596 4199 613 4262 ;’
625 4203 663 4252 M.
675 4206 699 4250 et
709 4201 757 4251 Ar.
