2896 4860
721 395 793 443 mc.
812 392 960 441 'l'RlVll'l'l

205 907 309 951 natue
420 878 497 942 Nix
522 884 558 941 et
580 876 660 958 gelu
687 894 708 938 a
741 874 937 941 Nativitate
969 877 1110 941 Domini
1136 896 1246 960 usque
1272 877 1316 942 ad

207 960 337 1061 birtilo..
369 977 650 1043 Purificationem
674 976 836 1040 continue
858 976 1081 1041 duraverunt.
1133 977 1230 1042 Obiit
1253 977 1317 1043 Ri-

369 1079 493 1143 cardus
532 1078 595 1141 de'
615 1075 778 1158 Strogoil,
816 1076 1014 1158 relinquens
1053 1077 1238 1159 parvulum
1272 1098 1318 1143 ex

369 1179 442 1242 filia
480 1178 572 1260 regis
609 1176 785 1239 Dubliniae
823 1195 1067 1242 successorem.
1136 1177 1206 1243 Hic
1244 1181 1320 1262 regi

371 1278 526 1343 Henrico
552 1276 746 1358 Anglorum
768 1276 915 1340 reddidit
944 1276 1158 1357 Dubliniam,
1181 1277 1322 1342 Watcr-

370 1379 528 1456 fordiam,
565 1384 600 1441 et
631 1375 800 1459 quasdam
832 1376 919 1440 alias
950 1377 1140 1442 firmitates.
1192 1376 1321 1443 Hiber-

371 1478 505 1543 nienses
528 1477 694 1540 tributum
717 1476 790 1557 regi
807 1474 958 1558 Angliae,
978 1477 1021 1541 de
1046 1477 1200 1561 qualibet
1218 1479 1321 1545 domo

371 1579 503 1643 corium
529 1577 639 1652 bovis,
668 1576 724 1641 vel
754 1575 934 1640 duodecim
959 1577 1129 1656 denarios,
1154 1580 1321 1661 promise·

371 1685 463 1744 runt.
516 1678 559 1740 ln
581 1675 701 1756 vigilia
721 1674 868 1739 Paschae
889 1676 1002 1741 factus
1022 1685 1076 1741 est
1095 1685 1219 1744 ventus
1245 1673 1322 1745 ¹ve·

371 1779 523 1857 hemens,
550 1777 724 1860 dissipans
746 1776 866 1840 domos
896 1783 931 1842 et
954 1777 1132 1842 eradicans
1154 1780 1321 1845 silvarum

370 1879 478 1961 ligna.

214 2007 328 2050 sunau
424 1978 492 2042 His
513 1977 723 2059 temporibus
744 1983 843 2039 erant
864 1977 900 2039 in
924 1975 1053 2059 Anglia
1075 1985 1145 2042 tres
1171 1980 1323 2063 episcopi

211 2056 447 2160 llldllll'regi
473 2077 656 2161 plurimum
685 2075 883 2151 familiares,
912 2077 1083 2141 Ricardus
1103 2077 1323 2143 Wintonieu-

212 2160 350 2250 ilidii?
370 2180 435 2255 sis,
472 2176 650 2241 Galfridus
687 2176 849 2252 Eliensis,
886 2175 910 2239 J
913 2195 1042 2242 oannes
1076 2177 1322 2256 Norwicensis,

212 2260 304 2302 cm
374 2297 519 2361 quorum
552 2273 779 2359 frequentiam
810 2294 851 2338 ac
880 2295 1010 2340 moram
1039 2278 1075 2341 in
1103 2279 1199 2342 curia
1226 2280 1324 2361 regia

375 2398 467 2463 papa
495 2376 698 2441 Alexander
733 2376 895 2458 redargui
931 2397 993 2459 per
1031 2377 1326 2462 archiepiscopum

376 2478 660 2543 Cantnariensem
691 2476 879 2540 Ricardum
909 2477 1145 2556 mandaverat,
1173 2479 1233 2562 qui
1265 2498 1326 2544 eos

376 2579 468 2662 apud
499 2577 644 2642 eundem
673 2597 753 2641 vere
781 2583 818 2640 et
844 2577 1094 2642 rationabiliter
1118 2578 1324 2644 excusavit:

376 2698 439 2762 per
470 2697 617 2761 quorum
651 2676 893 2741 mediationem
927 2680 1127 2760 procuravit
1158 2680 1326 2762 praefatus

377 2778 654 2861 archiepiscopus
680 2776 908 2841 damnabilem
930 2778 1226 2857 consuetudinem,
1248 2798 1327 2862 quae

377 2879 414 2942 in
431 2875 562 2959 Anglia
579 2876 786 2953 invaluerat,
808 2883 842 2940 et
863 2877 898 2940 in
923 2897 1062 2943 enorme
1082 2878 1164 2943 cleri
1190 2879 1325 2963 dispen-

378 2977 473 3042 dium
490 2984 703 3054 excreverat,
727 2976 867 3041 aboleri.
919 2977 957 3040 Si
970 2979 1048 3060 quis
1065 2980 1155 3043 enim
1170 2978 1329 3045 sacerdo·

380 3085 449 3142 tem
464 3078 519 3145 uel
537 3076 698 3141 clericum
715 3075 898 3152 occideret,
919 3077 1075 3156 ecclesia,
1097 3079 1174 3143 sola
1190 3099 1328 3144 excom·

378 3177 610 3241 municatione
627 3183 800 3252 contenta,
817 3177 1007 3241 materialis
1023 3198 1122 3261 opem
1139 3178 1247 3260 gladii
1261 3198 1330 3244 non

379 3277 553 3360 quaesivit,
584 3277 674 3341 unde
706 3276 903 3359 hujusmodi
932 3279 1123 3343 transmisit
1149 3279 1329 3362 epistolam

380 3377 423 3441 ad
442 3377 622 3458 episcopos
637 3382 708 3440 tres
723 3376 929 3458 praedictos:

219 3503 331 3545 momn-
432 3476 632 3540 ‘Ricardus
656 3475 726 3540 Dur
750 3475 865 3558 gratia
888 3474 1147 3539 cantuariensis
1165 3477 1334 3561 archiepi-

218 3553 366 3654 ildiris.
382 3594 521 3657 scopus,
549 3576 658 3640 totius
683 3574 823 3658 Angliae
853 3575 995 3658 primas,
1020 3574 1333 3657 apostolicaesedis

219 3655 317 3746 iiiior.
382 3675 532 3757 legatus,
550 3675 804 3740 venerabilibus
825 3682 861 3740 et
876 3677 913 3739 iu
928 3675 1092 3740 Cnmsro
1114 3676 1249 3741 dilectis
1266 3677 1335 3741 fra-

384 3775 494 3840 tribus
532 3773 684 3840 Ricardo
715 3775 962 3851 wintoniensi,
998 3774 1155 3841 Galfrido
1190 3776 1333 3854 Eliensi,

384 3874 514 3939 Joanni
539 3873 756 3940 Norwicensi
777 3875 947 3960 episcopis
976 3876 1120 3940 salutem
1143 3883 1179 3940 et
1197 3878 1335 3941 salubre

383 3976 576 4040 consilium.
617 3975 661 4039 In
678 3974 822 4038 ecclesia
834 3975 1030 4057 Anglorum
1044 3975 1211 4041 damnosa
1225 3978 1336 4041 omni·

699 4183 708 4216 ¹
719 4186 727 4214 ‘
739 4185 846 4235 Validns
855 4187 875 4248 ς’
891 4188 930 4238 M.
942 4193 967 4238 et
977 4188 1025 4237 Ar.
