<?xml version="1.0" encoding="UTF-8"?>
<!DOCTYPE html PUBLIC "-//W3C//DTD XHTML 1.0 Transitional//EN"
    "http://www.w3.org/TR/xhtml1/DTD/xhtml1-transitional.dtd">
<html xmlns="http://www.w3.org/1999/xhtml" xml:lang="en" lang="en">
 <head>
  <title>
</title>
<meta http-equiv="Content-Type" content="text/html;charset=utf-8" />
  <meta name='ocr-system' content='tesseract 3.04.00' />
  <meta name='ocr-capabilities' content='ocr_page ocr_carea ocr_par ocr_line ocrx_word'/>
</head>
<body>
  <div class='ocr_page' id='page_1' title='image "./fnicholaitrivet01trivgoog_0167.png"; bbox 0 0 2896 4860; ppageno 0'>
   <div class='ocr_carea' id='block_1_1' title="bbox 330 384 929 449">
    <p class='ocr_par' dir='ltr' id='par_1_1' title="bbox 330 384 929 449">
     <span class='ocr_line' id='line_1_1' title="bbox 330 384 929 449; baseline -0.005 0"><span class='ocrx_word' id='word_1_1' title='bbox 330 384 396 449; x_wconf 82' lang='lat'><strong>136</strong></span> <span class='ocrx_word' id='word_1_2' title='bbox 685 401 757 448; x_wconf 83' lang='lat' dir='ltr'><strong>nro.</strong></span> <span class='ocrx_word' id='word_1_3' title='bbox 781 399 929 448; x_wconf 82' lang='lat' dir='ltr'><strong>rarvurr</strong></span> 
     </span>
    </p>
   </div>
   <div class='ocr_carea' id='block_1_2' title="bbox 166 550 1284 3743">
    <p class='ocr_par' dir='ltr' id='par_1_2' title="bbox 325 550 1284 2822">
     <span class='ocr_line' id='line_1_2' title="bbox 330 550 1281 642; baseline -0.001 -21"><span class='ocrx_word' id='word_1_4' title='bbox 330 558 422 642; x_wconf 89' lang='lat' dir='ltr'><strong>quod</strong></span> <span class='ocrx_word' id='word_1_5' title='bbox 444 557 598 641; x_wconf 82' lang='lat' dir='ltr'><strong>pecuniae</strong></span> <span class='ocrx_word' id='word_1_6' title='bbox 621 557 686 621; x_wconf 90' lang='lat' dir='ltr'><strong>sibi</strong></span> <span class='ocrx_word' id='word_1_7' title='bbox 711 550 830 622; x_wconf 89' lang='lat' dir='ltr'><strong>¹antea</strong></span> <span class='ocrx_word' id='word_1_8' title='bbox 849 557 1075 622; x_wconf 81' lang='lat' dir='ltr'><strong>commodatae</strong></span> <span class='ocrx_word' id='word_1_9' title='bbox 1099 557 1227 622; x_wconf 90' lang='lat' dir='ltr'><strong>solutio</strong></span> <span class='ocrx_word' id='word_1_10' title='bbox 1245 558 1281 621; x_wconf 90' lang='lat' dir='ltr'><strong>in</strong></span> 
     </span>
     <span class='ocr_line' id='line_1_3' title="bbox 330 656 1281 736; baseline 0 -14"><span class='ocrx_word' id='word_1_11' title='bbox 330 659 474 722; x_wconf 91' lang='lat' dir='ltr'><strong>nihilum</strong></span> <span class='ocrx_word' id='word_1_12' title='bbox 508 657 724 736; x_wconf 87' lang='lat' dir='ltr'><strong>defluxisset,</strong></span> <span class='ocrx_word' id='word_1_13' title='bbox 754 659 825 722; x_wconf 87' lang='lat' dir='ltr'><strong>dux</strong></span> <span class='ocrx_word' id='word_1_14' title='bbox 857 678 936 722; x_wconf 89' lang='lat' dir='ltr'><strong>cum</strong></span> <span class='ocrx_word' id='word_1_15' title='bbox 966 657 1109 722; x_wconf 89' lang='lat' dir='ltr'><strong>Francis</strong></span> <span class='ocrx_word' id='word_1_16' title='bbox 1134 656 1209 721; x_wconf 91' lang='lat' dir='ltr'><strong>suis</strong></span> <span class='ocrx_word' id='word_1_17' title='bbox 1236 658 1281 722; x_wconf 89' lang='lat' dir='ltr'><strong>ab</strong></span> 
     </span>
     <span class='ocr_line' id='line_1_4' title="bbox 332 757 1281 841; baseline -0.001 -19"><span class='ocrx_word' id='word_1_18' title='bbox 332 757 506 822; x_wconf 81' lang='lat' dir='ltr'><strong>Ascalone</strong></span> <span class='ocrx_word' id='word_1_19' title='bbox 525 758 704 822; x_wconf 85' lang='lat' dir='ltr'><strong>discedens</strong></span> <span class='ocrx_word' id='word_1_20' title='bbox 730 759 883 841; x_wconf 86' lang='lat' dir='ltr'><strong>perrexit</strong></span> <span class='ocrx_word' id='word_1_21' title='bbox 904 758 940 821; x_wconf 93' lang='lat' dir='ltr'><strong>in</strong></span> <span class='ocrx_word' id='word_1_22' title='bbox 959 757 1102 836; x_wconf 81' lang='lat' dir='ltr'><strong>Achou3</strong></span> <span class='ocrx_word' id='word_1_23' title='bbox 1128 758 1187 822; x_wconf 90' lang='lat' dir='ltr'><strong>ubi</strong></span> <span class='ocrx_word' id='word_1_24' title='bbox 1203 777 1281 821; x_wconf 86' lang='lat' dir='ltr'><strong>curu</strong></span> 
     </span>
     <span class='ocr_line' id='line_1_5' title="bbox 332 857 1281 923; baseline -0.001 -1"><span class='ocrx_word' id='word_1_25' title='bbox 332 857 480 923; x_wconf 89' lang='lat' dir='ltr'><strong>Pisanos</strong></span> <span class='ocrx_word' id='word_1_26' title='bbox 504 867 541 923; x_wconf 87' lang='lat' dir='ltr'><strong>et</strong></span> <span class='ocrx_word' id='word_1_27' title='bbox 567 857 590 923; x_wconf 84' lang='lat' dir='ltr'>J</span> <span class='ocrx_word' id='word_1_28' title='bbox 594 878 762 922; x_wconf 88' lang='lat' dir='ltr'><strong>anuenses</strong></span> <span class='ocrx_word' id='word_1_29' title='bbox 789 859 1002 923; x_wconf 87' lang='lat' dir='ltr'><strong>invenissent</strong></span> <span class='ocrx_word' id='word_1_30' title='bbox 1028 858 1174 923; x_wconf 84' lang='lat' dir='ltr'><strong>invicem</strong></span> <span class='ocrx_word' id='word_1_31' title='bbox 1201 877 1281 922; x_wconf 91' lang='lat' dir='ltr'><strong>cou-</strong></span> 
     </span>
     <span class='ocr_line' id='line_1_6' title="bbox 331 957 1280 1041; baseline 0 -19"><span class='ocrx_word' id='word_1_32' title='bbox 331 958 502 1040; x_wconf 82' lang='lat' dir='ltr'><strong>fligentes,</strong></span> <span class='ocrx_word' id='word_1_33' title='bbox 530 958 566 1022; x_wconf 90' lang='lat' dir='ltr'><strong>iu</strong></span> <span class='ocrx_word' id='word_1_34' title='bbox 597 959 766 1022; x_wconf 83' lang='lat' dir='ltr'><strong>auxilium</strong></span> <span class='ocrx_word' id='word_1_35' title='bbox 790 957 1034 1036; x_wconf 85' lang='lat' dir='ltr'><strong>Janueusium,</strong></span> <span class='ocrx_word' id='word_1_36' title='bbox 1059 959 1120 1041; x_wconf 92' lang='lat' dir='ltr'><strong>qui</strong></span> <span class='ocrx_word' id='word_1_37' title='bbox 1145 965 1280 1040; x_wconf 87' lang='lat' dir='ltr'><strong>partem</strong></span> 
     </span>
     <span class='ocr_line' id='line_1_7' title="bbox 332 1057 1282 1136; baseline 0 -14"><span class='ocrx_word' id='word_1_38' title='bbox 332 1058 499 1123; x_wconf 89' lang='lat' dir='ltr'><strong>Marchisi</strong></span> <span class='ocrx_word' id='word_1_39' title='bbox 525 1058 696 1136; x_wconf 85' lang='lat' dir='ltr'><strong>zelabant,</strong></span> <span class='ocrx_word' id='word_1_40' title='bbox 729 1078 767 1122; x_wconf 93' lang='lat' dir='ltr'><strong>se</strong></span> <span class='ocrx_word' id='word_1_41' title='bbox 794 1058 984 1123; x_wconf 87' lang='lat' dir='ltr'><strong>conserunt.</strong></span> <span class='ocrx_word' id='word_1_42' title='bbox 1047 1057 1168 1122; x_wconf 88' lang='lat' dir='ltr'><strong>Pisani</strong></span> <span class='ocrx_word' id='word_1_43' title='bbox 1197 1077 1282 1122; x_wconf 85' lang='lat' dir='ltr'><strong>vero</strong></span> 
     </span>
     <span class='ocr_line' id='line_1_8' title="bbox 330 1158 1283 1242; baseline -0.001 -19"><span class='ocrx_word' id='word_1_44' title='bbox 330 1159 559 1242; x_wconf 82' lang='lat' dir='ltr'><strong>praevaleutes</strong></span> <span class='ocrx_word' id='word_1_45' title='bbox 589 1178 649 1223; x_wconf 89' lang='lat' dir='ltr'><strong>eos</strong></span> <span class='ocrx_word' id='word_1_46' title='bbox 677 1178 699 1223; x_wconf 93' lang='lat' dir='ltr'><strong>a</strong></span> <span class='ocrx_word' id='word_1_47' title='bbox 728 1160 870 1224; x_wconf 87' lang='lat' dir='ltr'><strong>civitate</strong></span> <span class='ocrx_word' id='word_1_48' title='bbox 900 1158 1134 1234; x_wconf 80' lang='lat' dir='ltr'><strong>excluserunt,</strong></span> <span class='ocrx_word' id='word_1_49' title='bbox 1163 1166 1283 1240; x_wconf 89' lang='lat' dir='ltr'><strong>portas</strong></span> 
     </span>
     <span class='ocr_line' id='line_1_9' title="bbox 330 1257 1281 1342; baseline -0.001 -19"><span class='ocrx_word' id='word_1_50' title='bbox 330 1259 408 1342; x_wconf 91' lang='lat' dir='ltr'><strong>ejus</strong></span> <span class='ocrx_word' id='word_1_51' title='bbox 430 1260 573 1323; x_wconf 85' lang='lat' dir='ltr'><strong>firmiter</strong></span> <span class='ocrx_word' id='word_1_52' title='bbox 593 1260 805 1323; x_wconf 90' lang='lat' dir='ltr'><strong>obserantes.</strong></span> <span class='ocrx_word' id='word_1_53' title='bbox 870 1257 951 1338; x_wconf 85' lang='lat' dir='ltr'><strong>Quo</strong></span> <span class='ocrx_word' id='word_1_54' title='bbox 971 1258 1157 1324; x_wconf 80' lang='lat' dir='ltr'><strong>adveniens</strong></span> <span class='ocrx_word' id='word_1_55' title='bbox 1183 1257 1281 1322; x_wconf 86' lang='lat' dir='ltr'><strong>Mar·</strong></span> 
     </span>
     <span class='ocr_line' id='line_1_10' title="bbox 332 1359 1281 1441; baseline -0.001 -17"><span class='ocrx_word' id='word_1_56' title='bbox 332 1359 460 1438; x_wconf 88' lang='lat' dir='ltr'><strong>chisus,</strong></span> <span class='ocrx_word' id='word_1_57' title='bbox 487 1379 565 1424; x_wconf 90' lang='lat' dir='ltr'><strong>cum</strong></span> <span class='ocrx_word' id='word_1_58' title='bbox 590 1360 708 1423; x_wconf 91' lang='lat' dir='ltr'><strong>urbem</strong></span> <span class='ocrx_word' id='word_1_59' title='bbox 741 1360 851 1424; x_wconf 84' lang='lat' dir='ltr'><strong>tribus</strong></span> <span class='ocrx_word' id='word_1_60' title='bbox 880 1360 1000 1422; x_wconf 92' lang='lat' dir='ltr'><strong>diebus</strong></span> <span class='ocrx_word' id='word_1_61' title='bbox 1032 1367 1281 1441; x_wconf 80' lang='lat' dir='ltr'><strong>oppugnasset,</strong></span> 
     </span>
     <span class='ocr_line' id='line_1_11' title="bbox 331 1458 1281 1543; baseline -0.001 -20"><span class='ocrx_word' id='word_1_62' title='bbox 331 1459 449 1524; x_wconf 87' lang='lat' dir='ltr'><strong>audito</strong></span> <span class='ocrx_word' id='word_1_63' title='bbox 466 1459 558 1543; x_wconf 91' lang='lat' dir='ltr'><strong>quod</strong></span> <span class='ocrx_word' id='word_1_64' title='bbox 580 1479 642 1523; x_wconf 85' lang='lat' dir='ltr'><strong>rex</strong></span> <span class='ocrx_word' id='word_1_65' title='bbox 661 1459 833 1523; x_wconf 88' lang='lat' dir='ltr'><strong>Ricardus</strong></span> <span class='ocrx_word' id='word_1_66' title='bbox 855 1478 877 1523; x_wconf 92' lang='lat' dir='ltr'><strong>a</strong></span> <span class='ocrx_word' id='word_1_67' title='bbox 900 1458 1038 1522; x_wconf 91' lang='lat' dir='ltr'><strong>Pisanis</strong></span> <span class='ocrx_word' id='word_1_68' title='bbox 1055 1466 1201 1523; x_wconf 84' lang='lat' dir='ltr'><strong>vocatus</strong></span> <span class='ocrx_word' id='word_1_69' title='bbox 1223 1458 1281 1522; x_wconf 89' lang='lat' dir='ltr'><strong>ad-</strong></span> 
     </span>
     <span class='ocr_line' id='line_1_12' title="bbox 330 1558 1282 1643; baseline -0.002 -19"><span class='ocrx_word' id='word_1_70' title='bbox 330 1560 477 1637; x_wconf 81' lang='lat' dir='ltr'><strong>veniret,</strong></span> <span class='ocrx_word' id='word_1_71' title='bbox 501 1578 657 1623; x_wconf 87' lang='lat' dir='ltr'><strong>reversus</strong></span> <span class='ocrx_word' id='word_1_72' title='bbox 679 1568 732 1623; x_wconf 89' lang='lat' dir='ltr'><strong>est</strong></span> <span class='ocrx_word' id='word_1_73' title='bbox 751 1559 893 1643; x_wconf 85' lang='lat' dir='ltr'><strong>Tyrum.</strong></span> <span class='ocrx_word' id='word_1_74' title='bbox 946 1558 1150 1623; x_wconf 82' lang='lat' dir='ltr'><strong>Reformata</strong></span> <span class='ocrx_word' id='word_1_75' title='bbox 1166 1566 1282 1623; x_wconf 90' lang='lat' dir='ltr'><strong>autem</strong></span> 
     </span>
     <span class='ocr_line' id='line_1_13' title="bbox 331 1657 1283 1742; baseline 0 -20"><span class='ocrx_word' id='word_1_76' title='bbox 331 1678 418 1742; x_wconf 87' lang='lat' dir='ltr'><strong>pace</strong></span> <span class='ocrx_word' id='word_1_77' title='bbox 438 1660 528 1723; x_wconf 90' lang='lat' dir='ltr'><strong>inter</strong></span> <span class='ocrx_word' id='word_1_78' title='bbox 548 1658 696 1724; x_wconf 88' lang='lat' dir='ltr'><strong>Pisanos</strong></span> <span class='ocrx_word' id='word_1_79' title='bbox 713 1668 749 1723; x_wconf 89' lang='lat' dir='ltr'><strong>et</strong></span> <span class='ocrx_word' id='word_1_80' title='bbox 765 1658 788 1724; x_wconf 84' lang='lat' dir='ltr'>J</span> <span class='ocrx_word' id='word_1_81' title='bbox 791 1679 972 1737; x_wconf 87' lang='lat' dir='ltr'><strong>anueuses,</strong></span> <span class='ocrx_word' id='word_1_82' title='bbox 997 1679 1059 1723; x_wconf 85' lang='lat' dir='ltr'><strong>rex</strong></span> <span class='ocrx_word' id='word_1_83' title='bbox 1077 1666 1113 1724; x_wconf 90' lang='lat' dir='ltr'><strong>et</strong></span> <span class='ocrx_word' id='word_1_84' title='bbox 1130 1657 1283 1723; x_wconf 83' lang='lat' dir='ltr'><strong>Marchi-</strong></span> 
     </span>
     <span class='ocr_line' id='line_1_14' title="bbox 331 1753 1283 1824; baseline 0.001 -2"><span class='ocrx_word' id='word_1_85' title='bbox 331 1777 391 1823; x_wconf 88' lang='lat' dir='ltr'><strong>sus</strong></span> <span class='ocrx_word' id='word_1_86' title='bbox 408 1779 454 1823; x_wconf 82' lang='lat' dir='ltr'><strong>ex</strong></span> <span class='ocrx_word' id='word_1_87' title='bbox 474 1759 634 1824; x_wconf 90' lang='lat' dir='ltr'><strong>condicto</strong></span> <span class='ocrx_word' id='word_1_88' title='bbox 659 1759 702 1823; x_wconf 89' lang='lat' dir='ltr'><strong>ad</strong></span> <span class='ocrx_word' id='word_1_89' title='bbox 724 1753 923 1824; x_wconf 85' lang='lat' dir='ltr'><strong>²castellum</strong></span> <span class='ocrx_word' id='word_1_90' title='bbox 947 1758 1091 1824; x_wconf 88' lang='lat' dir='ltr'><strong>Imberti</strong></span> <span class='ocrx_word' id='word_1_91' title='bbox 1114 1777 1283 1824; x_wconf 83' lang='lat' dir='ltr'><strong>couvene-</strong></span> 
     </span>
     <span class='ocr_line' id='line_1_15' title="bbox 331 1858 1281 1942; baseline 0.003 -21"><span class='ocrx_word' id='word_1_92' title='bbox 331 1868 413 1923; x_wconf 89' lang='lat' dir='ltr'><strong>runt</strong></span> <span class='ocrx_word' id='word_1_93' title='bbox 445 1859 489 1922; x_wconf 89' lang='lat' dir='ltr'><strong>ad</strong></span> <span class='ocrx_word' id='word_1_94' title='bbox 522 1859 752 1942; x_wconf 82' lang='lat' dir='ltr'><strong>colloquium3</strong></span> <span class='ocrx_word' id='word_1_95' title='bbox 791 1861 851 1924; x_wconf 91' lang='lat' dir='ltr'><strong>ubi</strong></span> <span class='ocrx_word' id='word_1_96' title='bbox 885 1879 963 1924; x_wconf 92' lang='lat' dir='ltr'><strong>cum</strong></span> <span class='ocrx_word' id='word_1_97' title='bbox 998 1858 1188 1924; x_wconf 85' lang='lat' dir='ltr'><strong>monuisset</strong></span> <span class='ocrx_word' id='word_1_98' title='bbox 1218 1878 1281 1924; x_wconf 86' lang='lat' dir='ltr'><strong>rex</strong></span> 
     </span>
     <span class='ocr_line' id='line_1_16' title="bbox 332 1957 1282 2037; baseline 0.003 -16"><span class='ocrx_word' id='word_1_99' title='bbox 332 1957 558 2037; x_wconf 88' lang='lat' dir='ltr'><strong>Marchisum,</strong></span> <span class='ocrx_word' id='word_1_100' title='bbox 577 1967 616 2023; x_wconf 88' lang='lat' dir='ltr'><strong>ut</strong></span> <span class='ocrx_word' id='word_1_101' title='bbox 637 1959 681 2023; x_wconf 90' lang='lat' dir='ltr'><strong>ad</strong></span> <span class='ocrx_word' id='word_1_102' title='bbox 701 1961 870 2024; x_wconf 87' lang='lat' dir='ltr'><strong>unitatem</strong></span> <span class='ocrx_word' id='word_1_103' title='bbox 891 1958 1064 2025; x_wconf 80' lang='lat' dir='ltr'><strong>exercitus</strong></span> <span class='ocrx_word' id='word_1_104' title='bbox 1086 1958 1222 2037; x_wconf 86' lang='lat' dir='ltr'><strong>rediret,</strong></span> <span class='ocrx_word' id='word_1_105' title='bbox 1246 1966 1282 2024; x_wconf 87' lang='lat' dir='ltr'><strong>et</strong></span> 
     </span>
     <span class='ocr_line' id='line_1_17' title="bbox 326 2057 1283 2143; baseline 0.001 -22"><span class='ocrx_word' id='word_1_106' title='bbox 326 2057 469 2141; x_wconf 86' lang='lat' dir='ltr'><strong>juvaret</strong></span> <span class='ocrx_word' id='word_1_107' title='bbox 493 2059 674 2142; x_wconf 85' lang='lat' dir='ltr'><strong>adquirere</strong></span> <span class='ocrx_word' id='word_1_108' title='bbox 702 2079 846 2142; x_wconf 77' lang='lat' dir='ltr'><strong>regnum</strong></span> <span class='ocrx_word' id='word_1_109' title='bbox 873 2059 918 2124; x_wconf 90' lang='lat' dir='ltr'><strong>ad</strong></span> <span class='ocrx_word' id='word_1_110' title='bbox 946 2058 1040 2143; x_wconf 90' lang='lat' dir='ltr'><strong>quod</strong></span> <span class='ocrx_word' id='word_1_111' title='bbox 1070 2058 1283 2142; x_wconf 87' lang='lat' dir='ltr'><strong>adspirabat,</strong></span> 
     </span>
     <span class='ocr_line' id='line_1_18' title="bbox 332 2158 1284 2242; baseline 0.002 -21"><span class='ocrx_word' id='word_1_112' title='bbox 332 2159 425 2241; x_wconf 93' lang='lat' dir='ltr'><strong>quod</strong></span> <span class='ocrx_word' id='word_1_113' title='bbox 442 2168 478 2223; x_wconf 94' lang='lat' dir='ltr'><strong>et</strong></span> <span class='ocrx_word' id='word_1_114' title='bbox 493 2159 524 2223; x_wconf 91' lang='lat' dir='ltr'><strong>ei</strong></span> <span class='ocrx_word' id='word_1_115' title='bbox 542 2158 629 2223; x_wconf 87' lang='lat' dir='ltr'><strong>alias</strong></span> <span class='ocrx_word' id='word_1_116' title='bbox 646 2178 708 2242; x_wconf 89' lang='lat' dir='ltr'><strong>per</strong></span> <span class='ocrx_word' id='word_1_117' title='bbox 726 2159 861 2242; x_wconf 80' lang='lat' dir='ltr'><strong>legatos</strong></span> <span class='ocrx_word' id='word_1_118' title='bbox 880 2180 943 2224; x_wconf 87' lang='lat' dir='ltr'><strong>rex</strong></span> <span class='ocrx_word' id='word_1_119' title='bbox 965 2159 1202 2235; x_wconf 80' lang='lat' dir='ltr'><strong>maudaverat,</strong></span> <span class='ocrx_word' id='word_1_120' title='bbox 1222 2176 1284 2223; x_wconf 90' lang='lat' dir='ltr'><strong>uo·</strong></span> 
     </span>
     <span class='ocr_line' id='line_1_19' title="bbox 330 2257 1280 2342; baseline 0.002 -21"><span class='ocrx_word' id='word_1_121' title='bbox 330 2257 457 2323; x_wconf 90' lang='lat' dir='ltr'><strong>lentem</strong></span> <span class='ocrx_word' id='word_1_122' title='bbox 486 2260 734 2342; x_wconf 88' lang='lat' dir='ltr'><strong>obtemperare,</strong></span> <span class='ocrx_word' id='word_1_123' title='bbox 768 2259 810 2323; x_wconf 91' lang='lat' dir='ltr'><strong>de</strong></span> <span class='ocrx_word' id='word_1_124' title='bbox 836 2260 980 2324; x_wconf 91' lang='lat' dir='ltr'><strong>consilio</strong></span> <span class='ocrx_word' id='word_1_125' title='bbox 1008 2258 1191 2342; x_wconf 87' lang='lat' dir='ltr'><strong>majorum,</strong></span> <span class='ocrx_word' id='word_1_126' title='bbox 1218 2260 1280 2323; x_wconf 92' lang='lat' dir='ltr'><strong>ab·</strong></span> 
     </span>
     <span class='ocr_line' id='line_1_20' title="bbox 325 2357 1282 2442; baseline 0.002 -21"><span class='ocrx_word' id='word_1_127' title='bbox 325 2357 498 2441; x_wconf 86' lang='lat' dir='ltr'><strong>judicavit</strong></span> <span class='ocrx_word' id='word_1_128' title='bbox 515 2378 537 2423; x_wconf 90' lang='lat' dir='ltr'><strong>a</strong></span> <span class='ocrx_word' id='word_1_129' title='bbox 553 2359 653 2423; x_wconf 88' lang='lat' dir='ltr'><strong>terris</strong></span> <span class='ocrx_word' id='word_1_130' title='bbox 676 2357 908 2442; x_wconf 88' lang='lat' dir='ltr'><strong>reditibusque</strong></span> <span class='ocrx_word' id='word_1_131' title='bbox 925 2358 1112 2442; x_wconf 85' lang='lat' dir='ltr'><strong>promissis.</strong></span> <span class='ocrx_word' id='word_1_132' title='bbox 1163 2358 1282 2424; x_wconf 85' lang='lat' dir='ltr'><strong>Adve-</strong></span> 
     </span>
     <span class='ocr_line' id='line_1_21' title="bbox 328 2457 1279 2539; baseline 0.002 -19"><span class='ocrx_word' id='word_1_133' title='bbox 328 2458 443 2522; x_wconf 90' lang='lat' dir='ltr'><strong>nieute</strong></span> <span class='ocrx_word' id='word_1_134' title='bbox 457 2457 606 2535; x_wconf 85' lang='lat' dir='ltr'><strong>Pascha,</strong></span> <span class='ocrx_word' id='word_1_135' title='bbox 618 2478 655 2522; x_wconf 89' lang='lat' dir='ltr'><strong>se</strong></span> <span class='ocrx_word' id='word_1_136' title='bbox 669 2458 757 2523; x_wconf 90' lang='lat' dir='ltr'><strong>velle</strong></span> <span class='ocrx_word' id='word_1_137' title='bbox 770 2458 944 2524; x_wconf 84' lang='lat' dir='ltr'><strong>discedere</strong></span> <span class='ocrx_word' id='word_1_138' title='bbox 957 2459 1118 2523; x_wconf 84' lang='lat' dir='ltr'><strong>dicebaut</strong></span> <span class='ocrx_word' id='word_1_139' title='bbox 1131 2458 1279 2539; x_wconf 84' lang='lat' dir='ltr'><strong>Franci3</strong></span> 
     </span>
     <span class='ocr_line' id='line_1_22' title="bbox 328 2557 1282 2640; baseline 0.004 -20"><span class='ocrx_word' id='word_1_140' title='bbox 328 2576 416 2640; x_wconf 90' lang='lat' dir='ltr'><strong>quos</strong></span> <span class='ocrx_word' id='word_1_141' title='bbox 433 2567 472 2622; x_wconf 89' lang='lat' dir='ltr'><strong>ut</strong></span> <span class='ocrx_word' id='word_1_142' title='bbox 487 2557 631 2623; x_wconf 88' lang='lat' dir='ltr'><strong>ulterius</strong></span> <span class='ocrx_word' id='word_1_143' title='bbox 649 2569 877 2637; x_wconf 84' lang='lat' dir='ltr'><strong>remanerent,</strong></span> <span class='ocrx_word' id='word_1_144' title='bbox 900 2578 963 2623; x_wconf 85' lang='lat' dir='ltr'><strong>rex</strong></span> <span class='ocrx_word' id='word_1_145' title='bbox 982 2558 1154 2623; x_wconf 85' lang='lat' dir='ltr'><strong>Ricardus</strong></span> <span class='ocrx_word' id='word_1_146' title='bbox 1176 2559 1282 2624; x_wconf 86' lang='lat' dir='ltr'><strong>nullis</strong></span> 
     </span>
     <span class='ocr_line' id='line_1_23' title="bbox 328 2652 1281 2742; baseline 0.004 -22"><span class='ocrx_word' id='word_1_147' title='bbox 328 2658 500 2739; x_wconf 89' lang='lat' dir='ltr'><strong>precibus,</strong></span> <span class='ocrx_word' id='word_1_148' title='bbox 522 2652 638 2723; x_wconf 80' lang='lat' dir='ltr'><strong>⁸etiam</strong></span> <span class='ocrx_word' id='word_1_149' title='bbox 664 2659 842 2740; x_wconf 88' lang='lat' dir='ltr'><strong>promissis</strong></span> <span class='ocrx_word' id='word_1_150' title='bbox 865 2659 1057 2742; x_wconf 89' lang='lat' dir='ltr'><strong>stipendiis,</strong></span> <span class='ocrx_word' id='word_1_151' title='bbox 1083 2659 1197 2742; x_wconf 91' lang='lat' dir='ltr'><strong>potuit</strong></span> <span class='ocrx_word' id='word_1_152' title='bbox 1222 2660 1281 2724; x_wconf 87' lang='lat' dir='ltr'><strong>ob-</strong></span> 
     </span>
     <span class='ocr_line' id='line_1_24' title="bbox 330 2758 450 2822; baseline 0.017 -2"><span class='ocrx_word' id='word_1_153' title='bbox 330 2758 450 2822; x_wconf 88' lang='lat' dir='ltr'><strong>tinere.</strong></span> 
     </span>
    </p>

    <p class='ocr_par' dir='ltr' id='par_1_3' title="bbox 167 2856 1284 2925">
     <span class='ocr_line' id='line_1_25' title="bbox 167 2856 1284 2925; baseline -0.001 0"><span class='ocrx_word' id='word_1_154' title='bbox 167 2884 284 2925; x_wconf 56' lang='lat' dir='ltr'><strong>mamis</strong></span> <span class='ocrx_word' id='word_1_155' title='bbox 382 2856 425 2921; x_wconf 91' lang='lat' dir='ltr'><strong>In</strong></span> <span class='ocrx_word' id='word_1_156' title='bbox 440 2857 658 2921; x_wconf 86' lang='lat' dir='ltr'><strong>solemnitate</strong></span> <span class='ocrx_word' id='word_1_157' title='bbox 675 2856 837 2923; x_wconf 89' lang='lat' dir='ltr'><strong>Paschali</strong></span> <span class='ocrx_word' id='word_1_158' title='bbox 859 2858 1043 2923; x_wconf 85' lang='lat' dir='ltr'><strong>Saladinus</strong></span> <span class='ocrx_word' id='word_1_159' title='bbox 1063 2858 1106 2923; x_wconf 92' lang='lat' dir='ltr'><strong>ad</strong></span> <span class='ocrx_word' id='word_1_160' title='bbox 1126 2859 1284 2924; x_wconf 90' lang='lat' dir='ltr'><strong>Domini·</strong></span> 
     </span>
    </p>

    <p class='ocr_par' dir='ltr' id='par_1_4' title="bbox 167 2936 1283 3043">
     <span class='ocr_line' id='line_1_26' title="bbox 167 2936 1283 3043; baseline 0 -19"><span class='ocrx_word' id='word_1_161' title='bbox 167 2936 241 3025; x_wconf 54' lang='lat' dir='ltr'><strong>llll</strong></span> <span class='ocrx_word' id='word_1_162' title='bbox 248 2936 305 3025; x_wconf 57' lang='lat'><strong>33¹⁹</strong></span> <span class='ocrx_word' id='word_1_163' title='bbox 331 2974 409 3021; x_wconf 89' lang='lat' dir='ltr'><strong>cum</strong></span> <span class='ocrx_word' id='word_1_164' title='bbox 430 2956 570 3020; x_wconf 87' lang='lat' dir='ltr'><strong>veniens</strong></span> <span class='ocrx_word' id='word_1_165' title='bbox 587 2958 793 3039; x_wconf 89' lang='lat' dir='ltr'><strong>sepulcrum,</strong></span> <span class='ocrx_word' id='word_1_166' title='bbox 818 2979 895 3023; x_wconf 92' lang='lat' dir='ltr'><strong>cum</strong></span> <span class='ocrx_word' id='word_1_167' title='bbox 913 2959 1057 3024; x_wconf 86' lang='lat' dir='ltr'><strong>vidisset</strong></span> <span class='ocrx_word' id='word_1_168' title='bbox 1070 2953 1283 3043; x_wconf 86' lang='lat' dir='ltr'><strong>⁴lampadem</strong></span> 
     </span>
    </p>

    <p class='ocr_par' dir='ltr' id='par_1_5' title="bbox 168 3036 1284 3539">
     <span class='ocr_line' id='line_1_27' title="bbox 168 3036 1284 3141; baseline 0.004 -22"><span class='ocrx_word' id='word_1_169' title='bbox 168 3036 309 3126; x_wconf 62' lang='lat' dir='ltr'><strong>{l‘ll⁸⁰¹&#39;”¹‘</strong></span> <span class='ocrx_word' id='word_1_170' title='bbox 332 3056 449 3120; x_wconf 85' lang='lat' dir='ltr'><strong>divino</strong></span> <span class='ocrx_word' id='word_1_171' title='bbox 477 3057 558 3139; x_wconf 78' lang='lat' dir='ltr'><strong>igne</strong></span> <span class='ocrx_word' id='word_1_172' title='bbox 590 3058 743 3136; x_wconf 88' lang='lat' dir='ltr'><strong>accendi,</strong></span> <span class='ocrx_word' id='word_1_173' title='bbox 777 3066 811 3123; x_wconf 92' lang='lat' dir='ltr'><strong>et</strong></span> <span class='ocrx_word' id='word_1_174' title='bbox 838 3078 899 3141; x_wconf 90' lang='lat' dir='ltr'><strong>per</strong></span> <span class='ocrx_word' id='word_1_175' title='bbox 930 3078 1005 3123; x_wconf 88' lang='lat' dir='ltr'><strong>eum</strong></span> <span class='ocrx_word' id='word_1_176' title='bbox 1039 3060 1092 3123; x_wconf 91' lang='lat' dir='ltr'><strong>bis</strong></span> <span class='ocrx_word' id='word_1_177' title='bbox 1125 3060 1284 3125; x_wconf 83' lang='lat' dir='ltr'><strong>extincta</strong></span> 
     </span>
     <span class='ocr_line' id='line_1_28' title="bbox 333 3156 1283 3233; baseline 0.004 -13"><span class='ocrx_word' id='word_1_178' title='bbox 333 3157 434 3220; x_wconf 90' lang='lat' dir='ltr'><strong>tertio</strong></span> <span class='ocrx_word' id='word_1_179' title='bbox 450 3156 703 3233; x_wconf 83' lang='lat' dir='ltr'><strong>accenderetur,</strong></span> <span class='ocrx_word' id='word_1_180' title='bbox 728 3159 875 3223; x_wconf 90' lang='lat' dir='ltr'><strong>asseruit</strong></span> <span class='ocrx_word' id='word_1_181' title='bbox 889 3158 945 3224; x_wconf 82' lang='lat' dir='ltr'><strong>vel</strong></span> <span class='ocrx_word' id='word_1_182' title='bbox 962 3177 1000 3222; x_wconf 88' lang='lat' dir='ltr'><strong>se</strong></span> <span class='ocrx_word' id='word_1_183' title='bbox 1017 3160 1052 3221; x_wconf 93' lang='lat' dir='ltr'><strong>in</strong></span> <span class='ocrx_word' id='word_1_184' title='bbox 1067 3159 1163 3224; x_wconf 85' lang='lat' dir='ltr'><strong>brevi</strong></span> <span class='ocrx_word' id='word_1_185' title='bbox 1180 3161 1283 3224; x_wconf 92' lang='lat' dir='ltr'><strong>mori·</strong></span> 
     </span>
     <span class='ocr_line' id='line_1_29' title="bbox 331 3256 1283 3333; baseline 0.005 -14"><span class='ocrx_word' id='word_1_186' title='bbox 331 3262 459 3333; x_wconf 88' lang='lat' dir='ltr'><strong>turum,</strong></span> <span class='ocrx_word' id='word_1_187' title='bbox 487 3256 543 3319; x_wconf 88' lang='lat' dir='ltr'><strong>vel</strong></span> <span class='ocrx_word' id='word_1_188' title='bbox 573 3257 725 3322; x_wconf 88' lang='lat' dir='ltr'><strong>civitatis</strong></span> <span class='ocrx_word' id='word_1_189' title='bbox 757 3268 887 3324; x_wconf 83' lang='lat' dir='ltr'><strong>sanctae</strong></span> <span class='ocrx_word' id='word_1_190' title='bbox 920 3258 1106 3323; x_wconf 92' lang='lat' dir='ltr'><strong>dominium</strong></span> <span class='ocrx_word' id='word_1_191' title='bbox 1139 3258 1283 3324; x_wconf 90' lang='lat' dir='ltr'><strong>amissu-</strong></span> 
     </span>
     <span class='ocr_line' id='line_1_30' title="bbox 330 3355 1283 3443; baseline 0.005 -24"><span class='ocrx_word' id='word_1_192' title='bbox 330 3375 417 3419; x_wconf 90' lang='lat' dir='ltr'><strong>rum.</strong></span> <span class='ocrx_word' id='word_1_193' title='bbox 462 3355 624 3420; x_wconf 90' lang='lat' dir='ltr'><strong>Mortuus</strong></span> <span class='ocrx_word' id='word_1_194' title='bbox 637 3366 690 3421; x_wconf 89' lang='lat' dir='ltr'><strong>est</strong></span> <span class='ocrx_word' id='word_1_195' title='bbox 704 3367 819 3422; x_wconf 90' lang='lat' dir='ltr'><strong>autem</strong></span> <span class='ocrx_word' id='word_1_196' title='bbox 835 3359 994 3443; x_wconf 85' lang='lat' dir='ltr'><strong>proxima</strong></span> <span class='ocrx_word' id='word_1_197' title='bbox 1007 3356 1283 3442; x_wconf 79' lang='lat' dir='ltr'><strong>Quadragesima</strong></span> 
     </span>
     <span class='ocr_line' id='line_1_31' title="bbox 328 3464 503 3539; baseline 0.011 -21"><span class='ocrx_word' id='word_1_198' title='bbox 328 3464 503 3539; x_wconf 90' lang='lat' dir='ltr'><strong>sequente.</strong></span> 
     </span>
    </p>

    <p class='ocr_par' dir='ltr' id='par_1_6' title="bbox 167 3554 1282 3641">
     <span class='ocr_line' id='line_1_32' title="bbox 167 3554 1282 3641; baseline 0.003 -19"><span class='ocrx_word' id='word_1_199' title='bbox 167 3570 317 3622; x_wconf 65' lang='lat' dir='ltr'><strong>tenuaret</strong></span> <span class='ocrx_word' id='word_1_200' title='bbox 381 3554 468 3621; x_wconf 88' lang='lat' dir='ltr'><strong>Post</strong></span> <span class='ocrx_word' id='word_1_201' title='bbox 502 3555 640 3620; x_wconf 90' lang='lat' dir='ltr'><strong>Pascha</strong></span> <span class='ocrx_word' id='word_1_202' title='bbox 673 3558 769 3621; x_wconf 87' lang='lat' dir='ltr'><strong>venit</strong></span> <span class='ocrx_word' id='word_1_203' title='bbox 802 3558 844 3622; x_wconf 91' lang='lat' dir='ltr'><strong>de</strong></span> <span class='ocrx_word' id='word_1_204' title='bbox 877 3558 1008 3640; x_wconf 83' lang='lat' dir='ltr'><strong>Anglia</strong></span> <span class='ocrx_word' id='word_1_205' title='bbox 1041 3559 1135 3641; x_wconf 90' lang='lat' dir='ltr'><strong>prior</strong></span> <span class='ocrx_word' id='word_1_206' title='bbox 1168 3559 1282 3625; x_wconf 88' lang='lat' dir='ltr'><strong>Here-</strong></span> 
     </span>
    </p>

    <p class='ocr_par' dir='ltr' id='par_1_7' title="bbox 166 3620 1281 3743">
     <span class='ocr_line' id='line_1_33' title="bbox 166 3620 1281 3743; baseline 0.005 -24"><span class='ocrx_word' id='word_1_207' title='bbox 166 3620 296 3719; x_wconf 53' lang='lat' dir='ltr'><strong>ffidffddr&#39;·</strong></span> <span class='ocrx_word' id='word_1_208' title='bbox 328 3655 508 3733; x_wconf 85' lang='lat' dir='ltr'><strong>fordensis,</strong></span> <span class='ocrx_word' id='word_1_209' title='bbox 534 3658 660 3720; x_wconf 88' lang='lat' dir='ltr'><strong>missus</strong></span> <span class='ocrx_word' id='word_1_210' title='bbox 685 3657 730 3720; x_wconf 91' lang='lat' dir='ltr'><strong>ad</strong></span> <span class='ocrx_word' id='word_1_211' title='bbox 753 3677 868 3740; x_wconf 84' lang='lat' dir='ltr'><strong>regem</strong></span> <span class='ocrx_word' id='word_1_212' title='bbox 892 3678 954 3741; x_wconf 91' lang='lat' dir='ltr'><strong>per</strong></span> <span class='ocrx_word' id='word_1_213' title='bbox 969 3659 1183 3723; x_wconf 90' lang='lat' dir='ltr'><strong>Willelmum</strong></span> <span class='ocrx_word' id='word_1_214' title='bbox 1207 3662 1281 3743; x_wconf 89' lang='lat' dir='ltr'><strong>epi·</strong></span> 
     </span>
    </p>
   </div>
   <div class='ocr_carea' id='block_1_3' title="bbox 166 3721 1281 3840">
    <p class='ocr_par' dir='ltr' id='par_1_8' title="bbox 166 3721 1281 3840">
     <span class='ocr_line' id='line_1_34' title="bbox 166 3721 1281 3840; baseline 0.005 -20"><span class='ocrx_word' id='word_1_215' title='bbox 166 3721 290 3763; x_wconf 54' lang='lat' dir='ltr'><strong>mm</strong></span> <span class='ocrx_word' id='word_1_216' title='bbox 327 3775 470 3840; x_wconf 91' lang='lat' dir='ltr'><strong>scopum</strong></span> <span class='ocrx_word' id='word_1_217' title='bbox 506 3755 678 3821; x_wconf 89' lang='lat' dir='ltr'><strong>Eliensem</strong></span> <span class='ocrx_word' id='word_1_218' title='bbox 713 3758 805 3840; x_wconf 84' lang='lat' dir='ltr'><strong>regis</strong></span> <span class='ocrx_word' id='word_1_219' title='bbox 831 3758 1087 3836; x_wconf 89' lang='lat' dir='ltr'><strong>cancellarium,</strong></span> <span class='ocrx_word' id='word_1_220' title='bbox 1116 3761 1281 3826; x_wconf 84' lang='lat' dir='ltr'><strong>nuntians</strong></span> 
     </span>
    </p>
   </div>
   <div class='ocr_carea' id='block_1_4' title="bbox 323 3984 1308 4121">
    <p class='ocr_par' dir='ltr' id='par_1_9' title="bbox 323 3984 1308 4121">
     <span class='ocr_line' id='line_1_35' title="bbox 363 3984 1277 4053; baseline 0.005 -15"><span class='ocrx_word' id='word_1_221' title='bbox 363 3984 464 4039; x_wconf 85' lang='lat' dir='ltr'><strong>&#39;‘aute</strong></span> <span class='ocrx_word' id='word_1_222' title='bbox 476 3990 672 4040; x_wconf 71' lang='lat' dir='ltr'><strong>accommodatas</strong></span> <span class='ocrx_word' id='word_1_223' title='bbox 681 3985 696 4051; x_wconf 86' lang='lat'><strong>;’</strong></span> <span class='ocrx_word' id='word_1_224' title='bbox 715 3990 754 4039; x_wconf 86' lang='lat' dir='ltr'><strong>M.</strong></span> <span class='ocrx_word' id='word_1_225' title='bbox 766 3993 790 4037; x_wconf 79' lang='lat' dir='ltr'><strong>et</strong></span> <span class='ocrx_word' id='word_1_226' title='bbox 817 3986 939 4048; x_wconf 87' lang='lat' dir='ltr'><strong>sellum;&#39;</strong></span> <span class='ocrx_word' id='word_1_227' title='bbox 965 3990 1023 4040; x_wconf 84' lang='lat' dir='ltr'><strong>Cod.</strong></span> <span class='ocrx_word' id='word_1_228' title='bbox 1048 3990 1113 4053; x_wconf 65' lang='lat' dir='ltr'><strong>aeg.</strong></span> <span class='ocrx_word' id='word_1_229' title='bbox 1136 3992 1188 4041; x_wconf 83' lang='lat' dir='ltr'><strong>and</strong></span> <span class='ocrx_word' id='word_1_230' title='bbox 1210 3988 1277 4043; x_wconf 71' lang='grc' dir='ltr'><strong>ΠΛ.</strong></span> 
     </span>
     <span class='ocr_line' id='line_1_36' title="bbox 323 4058 1308 4121; baseline 0.003 -16"><span class='ocrx_word' id='word_1_231' title='bbox 323 4058 371 4108; x_wconf 79' lang='lat' dir='ltr'><strong>Ar.</strong></span> <span class='ocrx_word' id='word_1_232' title='bbox 817 4060 954 4121; x_wconf 85' lang='lat' dir='ltr'><strong>corruptly.</strong></span> <span class='ocrx_word' id='word_1_233' title='bbox 1303 4089 1308 4097; x_wconf 91' lang='lat'>·</span> 
     </span>
    </p>
   </div>
   <div class='ocr_carea' id='block_1_5' title="bbox 359 4125 1083 4262">
    <p class='ocr_par' dir='ltr' id='par_1_10' title="bbox 359 4125 1083 4262">
     <span class='ocr_line' id='line_1_37' title="bbox 850 4125 1027 4191; baseline -0.006 -13"><span class='ocrx_word' id='word_1_234' title='bbox 850 4126 860 4157; x_wconf 86' lang='lat'><strong>³</strong></span> <span class='ocrx_word' id='word_1_235' title='bbox 878 4132 920 4178; x_wconf 80' lang='lat' dir='ltr'><strong>‘et</strong></span> <span class='ocrx_word' id='word_1_236' title='bbox 930 4130 947 4191; x_wconf 88' lang='lat'><strong>;&#39;</strong></span> <span class='ocrx_word' id='word_1_237' title='bbox 959 4125 1027 4178; x_wconf 71' lang='lat' dir='ltr'><strong>m.</strong></span> 
     </span>
     <span class='ocr_line' id='line_1_38' title="bbox 359 4195 1083 4262; baseline 0.001 -13"><span class='ocrx_word' id='word_1_238' title='bbox 359 4195 369 4223; x_wconf 84' lang='lat'>²</span> <span class='ocrx_word' id='word_1_239' title='bbox 384 4199 532 4249; x_wconf 81' lang='lat' dir='ltr'><strong>‘castellum</strong></span> <span class='ocrx_word' id='word_1_240' title='bbox 541 4197 557 4260; x_wconf 67' lang='grc' dir='ltr'><strong>ς’</strong></span> <span class='ocrx_word' id='word_1_241' title='bbox 579 4201 641 4250; x_wconf 82' lang='lat' dir='ltr'><strong>from</strong></span> <span class='ocrx_word' id='word_1_242' title='bbox 659 4202 709 4249; x_wconf 83' lang='lat' dir='ltr'><strong>M.:</strong></span> <span class='ocrx_word' id='word_1_243' title='bbox 729 4199 802 4257; x_wconf 64' lang='lat' dir='ltr'><strong>‘ca-1</strong></span> <span class='ocrx_word' id='word_1_244' title='bbox 851 4198 860 4226; x_wconf 85' lang='lat'>⁴</span> <span class='ocrx_word' id='word_1_245' title='bbox 877 4200 1004 4262; x_wconf 84' lang='lat' dir='ltr'><strong>‘lapidem</strong></span> <span class='ocrx_word' id='word_1_246' title='bbox 1013 4195 1029 4260; x_wconf 72' lang='grc' dir='ltr'><strong>ς’</strong></span> <span class='ocrx_word' id='word_1_247' title='bbox 1042 4201 1083 4250; x_wconf 81' lang='lat' dir='ltr'><strong>M.</strong></span> 
     </span>
    </p>
   </div>
   <div class='ocr_carea' id='block_1_6' title="bbox 0 0 1456 4860">
    <p class='ocr_par' dir='ltr' id='par_1_11' title="bbox 0 0 1456 4860">
     <span class='ocr_line' id='line_1_39' title="bbox 0 0 1456 4860; baseline 0 0"><span class='ocrx_word' id='word_1_248' title='bbox 0 0 1456 4860; x_wconf 95' lang='lat' dir='ltr'><strong> </strong></span> 
     </span>
    </p>
   </div>
  </div>
 </body>
</html>
