2896 4860
566 410 749 459 inunum.
1071 394 1135 460 169

177 591 280 657 quam
307 573 350 637 do
381 573 482 638 terris
514 574 587 637 suis
618 574 653 637 in
681 593 787 655 regno
822 570 979 635 Franciae
1005 570 1135 635 fecerat

178 672 367 739 Lodovico.
420 673 523 738 Unde
552 694 619 738 non
648 673 757 738 multo
787 681 866 756 post
898 672 1017 736 habito
1044 673 1135 735 inter

177 794 278 857 reges
291 775 465 858 colloquio
482 777 572 839 inter
591 774 787 839 Vernonem
799 781 834 837 et
852 773 998 836 insulam
1018 771 1135 835 Ande·

178 873 269 953 liaci,
299 894 361 938 rex
393 876 606 940 Francorum
637 876 835 939 occasiones
866 893 1024 956 quarens
1055 871 1135 936 fidei

178 993 247 1039 nou
263 977 454 1054 servandae,
478 984 512 1040 et
526 976 604 1040 initi
620 975 759 1039 foederis
777 974 998 1056 infringendi‚
1020 993 1134 1055 regem

177 1072 318 1157 Angliee
340 1077 581 1141 submonuisse
603 1076 724 1154 fertur,
750 1082 788 1140 ut
814 1075 958 1138 Parisiis
978 1074 1012 1137 in
1036 1075 1135 1158 quin·

178 1174 267 1240 dena
301 1175 447 1241 Paschae
481 1184 707 1259 compareret,
743 1196 848 1258 super
878 1176 930 1239 bis
963 1195 1040 1257 quae
1074 1174 1135 1239 ad-

178 1294 300 1340 versus
331 1297 409 1341 eum
437 1286 657 1361 proponeret,
688 1297 751 1360 pro
783 1277 910 1340 ducatu
942 1276 1132 1340 Britanniae

177 1385 213 1441 et
241 1378 410 1442 comitatu
440 1377 667 1459 Andegaviae,
701 1395 941 1460 responsurus.
995 1376 1286 1479 AEstaoeffffissfil

178 1496 262 1542 vero
276 1479 435 1560 sequenti
453 1476 636 1561 Philippus
655 1479 867 1542 Francorum
889 1496 962 1553 rex,
978 1477 1133 1541 exercitu
1148 1452 1212 1580 epis
1217 1491 1300 1540 nerino

177 1577 336 1657 collecto,
361 1578 610 1643 Normanniam
631 1577 828 1659 ingrediens
849 1577 1132 1642 munitiunculam

178 1680 316 1756 avertit,
343 1698 421 1762 quae
445 1673 659 1744 ¹Boteavant
682 1679 817 1742 dicitur.
871 1677 973 1760 Cepit
987 1676 1134 1760 Arguel·

178 1778 262 1856 lum,
281 1779 592 1857 Mortuum-Mare,
616 1773 844 1855 ²Gornacum,
867 1787 1044 1861 totamque
1068 1780 1134 1843 sibi

179 1887 306 1943 terram
342 1879 507 1961 Hugonis
538 1880 582 1943 de
616 1879 778 1944 Gornaco
810 1879 958 1960 subegit.
1020 1879 1066 1943 Et
1096 1889 1133 1944 ut

180 1980 332 2063 maJores
357 1981 429 2062 regi
457 1981 596 2063 Angliae
621 1981 817 2044 inimicitias
841 1980 1041 2056 concitaret,
1069 1977 1134 2043 Ar-

181 2078 283 2143 thuro
299 2080 415 2161 nepoti
430 2080 518 2164 ejus,
533 2080 739 2144 militaribus
762 2081 867 2144 armis
889 2081 1012 2157 cincto,
1029 2080 1134 2144 comi·

182 2186 294 2243 tatum
324 2181 515 2245 Britanniae
541 2181 693 2258 tradidit,
720 2181 924 2263 praecipiens
955 2188 993 2244 ut
1020 2179 1136 2245 Picta-

180 2281 334 2344 vensiunr
366 2289 401 2345 et
429 2281 734 2364 Andegavensium
767 2281 832 2344 sibi
863 2281 1047 2344 comitatus
1073 2281 1134 2344 ad·

180 2381 343 2463 quireret,
359 2380 524 2446 ducentos
541 2383 572 2444 ei
589 2381 728 2445 tradens
740 2382 776 2444 in
789 2381 979 2444 subsidium
996 2382 1133 2459 milites,

179 2480 322 2564 insuper
352 2490 388 2546 et
410 2484 564 2565 pecunie
593 2481 743 2564 largiens
769 2501 930 2564 magnam
954 2500 1132 2545 summam.

179 2578 334 2646 loannes
349 2603 410 2647 rex
427 2583 579 2665 undique
596 2583 778 2647 lacessitus
792 2581 941 2666 injuriis,
958 2590 1133 2664 resumpto

180 2682 295 2747 auimo
329 2684 365 2747 in
394 2682 584 2748 Artbnrum
614 2691 773 2765 nepotem
806 2696 918 2759 suum,
943 2702 1044 2765 quem
1071 2681 1130 2745 do-

180 2784 361 2847 mesticum
392 2784 526 2849 hostem
560 2785 702 2864 gravius
734 2783 877 2860 ferebat,
912 2791 947 2846 et
979 2783 1131 2847 fautores

179 2881 265 2967 ejus,
289 2903 435 2967 quorum
460 2885 623 2967 praecipui
651 2893 750 2949 erant
779 2878 905 2966 ³Hugo
932 2884 1071 2947 Brunns
1097 2890 1132 2948 et

180 2980 360 3049 Galsridus
384 2985 426 3049 de
451 2984 655 3062 Ladunano,
683 2985 853 3048 convertit
873 2985 1073 3060 exercitum,
1096 2993 1131 3049 et

179 3102 250 3149 suae
280 3085 386 3150 saluti
420 3085 598 3150 consulere
627 3085 792 3167 compulit
821 3083 1007 3164 lugiend0;
1043 3105 1131 3167 quos

179 3184 252 3268 ipse
270 3205 339 3250 non
364 3186 517 3268 segniter
537 3186 733 3268 insequenti,
755 3185 790 3247 in
815 3194 930 3248 castro
958 3184 1132 3249 Mirabelli

180 3285 326 3364 obsedit,
343 3294 378 3351 et
395 3287 554 3351 obsessos
571 3286 668 3350 brevi
689 3294 841 3368 tempore
863 3284 906 3348 ad
925 3284 1132 3349 deditionem

180 3387 305 3469 coegit.
367 3385 469 3470 Cepit
497 3394 532 3450 et
558 3394 680 3469 postea
707 3387 939 3449 vicecomitem
972 3385 1131 3450 Lemovi-

179 3506 327 3564 censem‚
343 3486 499 3569 aliosque
522 3486 754 3570 quamplures
776 3488 835 3570 qui
859 3487 902 3550 ab
926 3487 1001 3571 ejus
1024 3486 1132 3551 tideli-

180 3594 250 3653 tate
278 3588 508 3665 desciverant,
532 3586 756 3670 Arthuroque
782 3586 995 3651 adhaerentes
1020 3588 1130 3671 ipsum

179 3696 299 3754 contra
332 3696 494 3771 patruum
528 3682 829 3766 *concitaverant3
865 3707 1010 3770 quorum
1048 3708 1132 3753 non-

180 3789 292 3855 nullos
326 3788 463 3873 trajecit
493 3789 529 3852 in
563 3787 726 3871 Angliam
760 3808 822 3871 per
854 3787 990 3851 diversa
1018 3797 1133 3852 castra

212 4022 220 4055 ¹
237 4020 405 4085 ‘Botevaut3’
418 4025 456 4073 M.
465 4028 489 4073 et
497 4021 544 4072 Ar.
667 4023 735 4071 band
758 4023 786 4071 ot
806 4023 846 4072 his
866 4038 946 4085 quaen
967 4024 1068 4086 lsabe13
1091 4040 1133 4075 see

212 4092 223 4123 ³
237 4092 419 4156 ‘Carnutum’
432 4095 470 4144 M.
479 4093 573 4144 etan:
592 4094 643 4142 and
669 4099 737 4157 ante,
748 4110 773 4157 p.
790 4098 845 4143 lor.

180 4164 204 4214 in
215 4164 257 4215 the
268 4165 401 4227 following
412 4166 462 4215 line
474 4168 481 4191 ‘
491 4165 620 4214 Cornuto!

212 4232 223 4266 ⁸
237 4236 293 4285 The
313 4235 436 4285 ulliauced
459 4251 488 4285 or
508 4237 561 4287 real
584 4236 644 4286 hus·
706 4232 715 4261 ⁴
732 4235 903 4284 ‘concitarent
913 4231 928 4295 ;’
941 4236 979 4284 M.
992 4240 1016 4285 et
1027 4236 1073 4285 Ar.
