<?xml version="1.0" encoding="UTF-8"?>
<!DOCTYPE html PUBLIC "-//W3C//DTD XHTML 1.0 Transitional//EN"
    "http://www.w3.org/TR/xhtml1/DTD/xhtml1-transitional.dtd">
<html xmlns="http://www.w3.org/1999/xhtml" xml:lang="en" lang="en">
 <head>
  <title>
</title>
<meta http-equiv="Content-Type" content="text/html;charset=utf-8" />
  <meta name='ocr-system' content='tesseract 3.04.00' />
  <meta name='ocr-capabilities' content='ocr_page ocr_carea ocr_par ocr_line ocrx_word'/>
</head>
<body>
  <div class='ocr_page' id='page_1' title='image "./fnicholaitrivet01trivgoog_0049.png"; bbox 0 0 2896 4860; ppageno 0'>
   <div class='ocr_carea' id='block_1_1' title="bbox 732 407 968 456">
    <p class='ocr_par' dir='ltr' id='par_1_1' title="bbox 732 407 968 456">
     <span class='ocr_line' id='line_1_1' title="bbox 732 407 968 456; baseline -0.008 0"><span class='ocrx_word' id='word_1_1' title='bbox 732 407 803 456; x_wconf 76' lang='lat' dir='ltr'><strong>Nic.</strong></span> <span class='ocrx_word' id='word_1_2' title='bbox 822 407 968 455; x_wconf 77' lang='lat' dir='ltr'><strong>&#39;lltlvss‘rl</strong></span> 
     </span>
    </p>
   </div>
   <div class='ocr_carea' id='block_1_2' title="bbox 394 591 1303 631">
    <p class='ocr_par' dir='ltr' id='par_1_2' title="bbox 394 591 1303 631">
     <span class='ocr_line' id='line_1_2' title="bbox 394 591 1303 631; baseline -0.003 -1"><span class='ocrx_word' id='word_1_3' title='bbox 394 597 420 631; x_wconf 82' lang='lat' dir='ltr'><strong>l).</strong></span> <span class='ocrx_word' id='word_1_4' title='bbox 434 594 459 631; x_wconf 82' lang='lat' dir='ltr'><strong>ll.</strong></span> <span class='ocrx_word' id='word_1_5' title='bbox 469 593 489 630; x_wconf 81' lang='lat' dir='ltr'><strong>J.</strong></span> <span class='ocrx_word' id='word_1_6' title='bbox 501 593 525 630; x_wconf 84' lang='lat'><strong>0.</strong></span> <span class='ocrx_word' id='word_1_7' title='bbox 616 594 640 629; x_wconf 83' lang='grc' dir='ltr'><strong>Ρ.</strong></span> <span class='ocrx_word' id='word_1_8' title='bbox 653 593 814 630; x_wconf 68' lang='lat' dir='ltr'><strong>aonluonull</strong></span> <span class='ocrx_word' id='word_1_9' title='bbox 828 593 853 630; x_wconf 83' lang='lat' dir='ltr'><strong>a.</strong></span> <span class='ocrx_word' id='word_1_10' title='bbox 960 592 1114 629; x_wconf 72' lang='lat' dir='ltr'><strong>ralubonunl</strong></span> <span class='ocrx_word' id='word_1_11' title='bbox 1164 591 1303 628; x_wconf 70' lang='lat' dir='ltr'><strong>ANCLORCM</strong></span> 
     </span>
    </p>
   </div>
   <div class='ocr_carea' id='block_1_3' title="bbox 406 678 1297 786">
    <p class='ocr_par' dir='ltr' id='par_1_3' title="bbox 406 678 1297 786">
     <span class='ocr_line' id='line_1_3' title="bbox 406 678 1297 718; baseline -0.002 0"><span class='ocrx_word' id='word_1_12' title='bbox 406 681 509 718; x_wconf 68' lang='lat' dir='ltr'><strong>MCXUV.</strong></span> <span class='ocrx_word' id='word_1_13' title='bbox 570 679 705 717; x_wconf 69' lang='lat' dir='ltr'><strong>omissum</strong></span> <span class='ocrx_word' id='word_1_14' title='bbox 717 680 745 716; x_wconf 87' lang='lat'><strong>11.</strong></span> <span class='ocrx_word' id='word_1_15' title='bbox 767 680 878 718; x_wconf 71' lang='lat' dir='ltr'><strong>connum</strong></span> <span class='ocrx_word' id='word_1_16' title='bbox 889 681 920 717; x_wconf 87' lang='lat'><strong>11.</strong></span> <span class='ocrx_word' id='word_1_17' title='bbox 951 678 1068 716; x_wconf 77' lang='lat' dir='ltr'><strong>nonovlcr</strong></span> <span class='ocrx_word' id='word_1_18' title='bbox 1081 678 1127 716; x_wconf 82' lang='lat' dir='ltr'><strong>vll.</strong></span> <span class='ocrx_word' id='word_1_19' title='bbox 1173 679 1297 716; x_wconf 64' lang='lat' dir='ltr'><strong>annuali!</strong></span> 
     </span>
     <span class='ocr_line' id='line_1_4' title="bbox 833 740 1056 786; baseline 0.004 -1"><span class='ocrx_word' id='word_1_20' title='bbox 833 741 859 786; x_wconf 79' lang='lat'><strong>7.</strong></span> <span class='ocrx_word' id='word_1_21' title='bbox 1030 740 1056 786; x_wconf 87' lang='grc'><strong>7.</strong></span> 
     </span>
    </p>
   </div>
   <div class='ocr_carea' id='block_1_4' title="bbox 211 885 1330 3865">
    <p class='ocr_par' dir='ltr' id='par_1_4' title="bbox 211 885 1330 3865">
     <span class='ocr_line' id='line_1_5' title="bbox 211 885 1326 996; baseline -0.005 -44"><span class='ocrx_word' id='word_1_22' title='bbox 211 903 361 996; x_wconf 44' lang='lat' dir='ltr'><strong>magn}</strong></span> <span class='ocrx_word' id='word_1_23' title='bbox 441 887 680 952; x_wconf 77' lang='lat' dir='ltr'><strong>Cmnusmuus</strong></span> <span class='ocrx_word' id='word_1_24' title='bbox 714 904 817 969; x_wconf 89' lang='lat' dir='ltr'><strong>papa,</strong></span> <span class='ocrx_word' id='word_1_25' title='bbox 856 904 934 950; x_wconf 90' lang='lat' dir='ltr'><strong>cum</strong></span> <span class='ocrx_word' id='word_1_26' title='bbox 967 886 1114 950; x_wconf 89' lang='lat' dir='ltr'><strong>sedisset</strong></span> <span class='ocrx_word' id='word_1_27' title='bbox 1150 885 1326 950; x_wconf 91' lang='lat' dir='ltr'><strong>mensibus</strong></span> 
     </span>
     <span class='ocr_line' id='line_1_6' title="bbox 212 982 1326 1072; baseline 0.003 -27"><span class='ocrx_word' id='word_1_28' title='bbox 212 1007 265 1046; x_wconf 63' lang='lat' dir='ltr'><strong>aaa</strong></span> <span class='ocrx_word' id='word_1_29' title='bbox 293 982 299 1002; x_wconf 88' lang='lat'><strong><em>’</em></strong></span> <span class='ocrx_word' id='word_1_30' title='bbox 376 988 539 1072; x_wconf 89' lang='lat' dir='ltr'><strong>quinque,</strong></span> <span class='ocrx_word' id='word_1_31' title='bbox 557 986 677 1050; x_wconf 90' lang='lat' dir='ltr'><strong>diebus</strong></span> <span class='ocrx_word' id='word_1_32' title='bbox 694 1002 790 1063; x_wconf 75' lang='lat' dir='ltr'><strong>xna,</strong></span> <span class='ocrx_word' id='word_1_33' title='bbox 805 986 902 1063; x_wconf 93' lang='lat' dir='ltr'><strong>obiit,</strong></span> <span class='ocrx_word' id='word_1_34' title='bbox 920 992 956 1050; x_wconf 88' lang='lat' dir='ltr'><strong>et</strong></span> <span class='ocrx_word' id='word_1_35' title='bbox 976 986 1012 1049; x_wconf 94' lang='lat' dir='ltr'><strong>in</strong></span> <span class='ocrx_word' id='word_1_36' title='bbox 1031 985 1257 1051; x_wconf 88' lang='lat' dir='ltr'><strong>Lateraneusi</strong></span> <span class='ocrx_word' id='word_1_37' title='bbox 1272 1004 1326 1048; x_wconf 90' lang='lat' dir='ltr'><strong>ec-</strong></span> 
     </span>
     <span class='ocr_line' id='line_1_7' title="bbox 213 1085 1325 1170; baseline -0.012 -10"><span class='ocrx_word' id='word_1_38' title='bbox 213 1119 292 1160; x_wconf 72' lang='lat' dir='ltr'><strong>ructu.</strong></span> <span class='ocrx_word' id='word_1_39' title='bbox 302 1117 332 1158; x_wconf 89' lang='lat'><strong>11.</strong></span> <span class='ocrx_word' id='word_1_40' title='bbox 377 1088 483 1154; x_wconf 90' lang='lat' dir='ltr'><strong>clesia</strong></span> <span class='ocrx_word' id='word_1_41' title='bbox 498 1086 653 1170; x_wconf 90' lang='lat' dir='ltr'><strong>sepultus</strong></span> <span class='ocrx_word' id='word_1_42' title='bbox 665 1092 729 1163; x_wconf 87' lang='lat' dir='ltr'><strong>est,</strong></span> <span class='ocrx_word' id='word_1_43' title='bbox 741 1086 796 1151; x_wconf 91' lang='lat' dir='ltr'><strong>cui</strong></span> <span class='ocrx_word' id='word_1_44' title='bbox 815 1085 943 1150; x_wconf 85' lang='lat' dir='ltr'><strong>Lucius</strong></span> <span class='ocrx_word' id='word_1_45' title='bbox 958 1086 1129 1150; x_wconf 89' lang='lat' dir='ltr'><strong>secundus</strong></span> <span class='ocrx_word' id='word_1_46' title='bbox 1146 1085 1325 1150; x_wconf 87' lang='lat' dir='ltr'><strong>successit.</strong></span> 
     </span>
     <span class='ocr_line' id='line_1_8' title="bbox 214 1170 1327 1270; baseline -0.004 -19"><span class='ocrx_word' id='word_1_47' title='bbox 214 1170 319 1210; x_wconf 55' lang='lat' dir='ltr'><strong>&#39;um&#39;</strong></span> <span class='ocrx_word' id='word_1_48' title='bbox 378 1188 449 1252; x_wconf 91' lang='lat' dir='ltr'><strong>Hic</strong></span> <span class='ocrx_word' id='word_1_49' title='bbox 479 1187 618 1251; x_wconf 91' lang='lat' dir='ltr'><strong>natione</strong></span> <span class='ocrx_word' id='word_1_50' title='bbox 650 1186 890 1263; x_wconf 83' lang='lat' dir='ltr'><strong>Bononiensis,</strong></span> <span class='ocrx_word' id='word_1_51' title='bbox 923 1205 1000 1249; x_wconf 89' lang='lat' dir='ltr'><strong>cum</strong></span> <span class='ocrx_word' id='word_1_52' title='bbox 1029 1193 1120 1250; x_wconf 89' lang='lat' dir='ltr'><strong>esset</strong></span> <span class='ocrx_word' id='word_1_53' title='bbox 1145 1187 1327 1270; x_wconf 81' lang='lat' dir='ltr'><strong>presbyter</strong></span> 
     </span>
     <span class='ocr_line' id='line_1_9' title="bbox 377 1284 1325 1362; baseline -0.005 -9"><span class='ocrx_word' id='word_1_54' title='bbox 377 1286 560 1353; x_wconf 87' lang='lat' dir='ltr'><strong>cardinalis</strong></span> <span class='ocrx_word' id='word_1_55' title='bbox 572 1284 664 1350; x_wconf 92' lang='lat' dir='ltr'><strong>tituli</strong></span> <span class='ocrx_word' id='word_1_56' title='bbox 679 1284 817 1349; x_wconf 85' lang='lat' dir='ltr'><strong>Sanctae</strong></span> <span class='ocrx_word' id='word_1_57' title='bbox 831 1284 964 1362; x_wconf 88' lang='lat' dir='ltr'><strong>Crucis,</strong></span> <span class='ocrx_word' id='word_1_58' title='bbox 983 1293 1093 1350; x_wconf 86' lang='lat' dir='ltr'><strong>totam</strong></span> <span class='ocrx_word' id='word_1_59' title='bbox 1108 1284 1204 1350; x_wconf 90' lang='lat' dir='ltr'><strong>illam</strong></span> <span class='ocrx_word' id='word_1_60' title='bbox 1215 1284 1325 1350; x_wconf 90' lang='lat' dir='ltr'><strong>eccle·</strong></span> 
     </span>
     <span class='ocr_line' id='line_1_10' title="bbox 377 1384 826 1453; baseline -0.011 0"><span class='ocrx_word' id='word_1_61' title='bbox 377 1389 463 1453; x_wconf 89' lang='lat' dir='ltr'><strong>siam</strong></span> <span class='ocrx_word' id='word_1_62' title='bbox 477 1384 657 1450; x_wconf 85' lang='lat' dir='ltr'><strong>renovavit</strong></span> <span class='ocrx_word' id='word_1_63' title='bbox 673 1404 695 1449; x_wconf 89' lang='lat' dir='ltr'><strong>a</strong></span> <span class='ocrx_word' id='word_1_64' title='bbox 708 1385 826 1449; x_wconf 85' lang='lat' dir='ltr'><strong>fundo.</strong></span> 
     </span>
     <span class='ocr_line' id='line_1_11' title="bbox 215 1483 1326 1585; baseline -0.002 -35"><span class='ocrx_word' id='word_1_65' title='bbox 215 1487 308 1585; x_wconf 53' lang='grc' dir='ltr'><strong>ξξῇξζξ</strong></span> <span class='ocrx_word' id='word_1_66' title='bbox 428 1485 624 1570; x_wconf 79' lang='lat' dir='ltr'><strong>Stephanus</strong></span> <span class='ocrx_word' id='word_1_67' title='bbox 644 1503 707 1548; x_wconf 84' lang='lat' dir='ltr'><strong>rex</strong></span> <span class='ocrx_word' id='word_1_68' title='bbox 721 1493 871 1550; x_wconf 82' lang='lat' dir='ltr'><strong>castrum</strong></span> <span class='ocrx_word' id='word_1_69' title='bbox 888 1483 1089 1561; x_wconf 86' lang='lat' dir='ltr'><strong>Lincolniae,</strong></span> <span class='ocrx_word' id='word_1_70' title='bbox 1104 1483 1196 1567; x_wconf 90' lang='lat' dir='ltr'><strong>quod</strong></span> <span class='ocrx_word' id='word_1_71' title='bbox 1211 1503 1326 1548; x_wconf 88' lang='lat' dir='ltr'><strong>comes</strong></span> 
     </span>
     <span class='ocr_line' id='line_1_12' title="bbox 215 1583 1327 1664; baseline -0.002 -14"><span class='ocrx_word' id='word_1_72' title='bbox 215 1587 310 1627; x_wconf 57' lang='grc' dir='ltr'><strong>ΗΜ·</strong></span> <span class='ocrx_word' id='word_1_73' title='bbox 379 1585 524 1650; x_wconf 82' lang='lat' dir='ltr'><strong>Cestriae</strong></span> <span class='ocrx_word' id='word_1_74' title='bbox 541 1584 662 1661; x_wconf 93' lang='lat' dir='ltr'><strong>tenuit,</strong></span> <span class='ocrx_word' id='word_1_75' title='bbox 684 1585 834 1649; x_wconf 86' lang='lat' dir='ltr'><strong>secundo</strong></span> <span class='ocrx_word' id='word_1_76' title='bbox 852 1584 1005 1664; x_wconf 83' lang='lat' dir='ltr'><strong>obsedit3</strong></span> <span class='ocrx_word' id='word_1_77' title='bbox 1029 1584 1088 1648; x_wconf 94' lang='lat' dir='ltr'><strong>ubi</strong></span> <span class='ocrx_word' id='word_1_78' title='bbox 1109 1583 1189 1647; x_wconf 90' lang='lat' dir='ltr'><strong>dnm</strong></span> <span class='ocrx_word' id='word_1_79' title='bbox 1214 1584 1327 1648; x_wconf 91' lang='lat' dir='ltr'><strong>muni-</strong></span> 
     </span>
     <span class='ocr_line' id='line_1_13' title="bbox 379 1683 1326 1769; baseline -0.003 -20"><span class='ocrx_word' id='word_1_80' title='bbox 379 1686 506 1750; x_wconf 86' lang='lat' dir='ltr'><strong>tionem</strong></span> <span class='ocrx_word' id='word_1_81' title='bbox 521 1691 725 1762; x_wconf 85' lang='lat' dir='ltr'><strong>exstrueret,</strong></span> <span class='ocrx_word' id='word_1_82' title='bbox 742 1684 908 1769; x_wconf 87' lang='lat' dir='ltr'><strong>operariis</strong></span> <span class='ocrx_word' id='word_1_83' title='bbox 923 1684 1039 1748; x_wconf 90' lang='lat' dir='ltr'><strong>subita</strong></span> <span class='ocrx_word' id='word_1_84' title='bbox 1051 1683 1200 1748; x_wconf 90' lang='lat' dir='ltr'><strong>hostium</strong></span> <span class='ocrx_word' id='word_1_85' title='bbox 1215 1684 1326 1766; x_wconf 89' lang='lat' dir='ltr'><strong>irrup-</strong></span> 
     </span>
     <span class='ocr_line' id='line_1_14' title="bbox 378 1777 1326 1868; baseline -0.004 -18"><span class='ocrx_word' id='word_1_86' title='bbox 378 1784 473 1850; x_wconf 89' lang='lat' dir='ltr'><strong>tione</strong></span> <span class='ocrx_word' id='word_1_87' title='bbox 504 1777 722 1868; x_wconf 86' lang='lat' dir='ltr'><strong>¹profligatis,</strong></span> <span class='ocrx_word' id='word_1_88' title='bbox 754 1804 817 1849; x_wconf 86' lang='lat' dir='ltr'><strong>rex</strong></span> <span class='ocrx_word' id='word_1_89' title='bbox 849 1784 924 1868; x_wconf 90' lang='lat' dir='ltr'><strong>ipse</strong></span> <span class='ocrx_word' id='word_1_90' title='bbox 956 1785 1118 1848; x_wconf 87' lang='lat' dir='ltr'><strong>confusus</strong></span> <span class='ocrx_word' id='word_1_91' title='bbox 1148 1783 1326 1847; x_wconf 87' lang='lat' dir='ltr'><strong>abscessit.</strong></span> 
     </span>
     <span class='ocr_line' id='line_1_15' title="bbox 378 1881 1327 1968; baseline -0.002 -20"><span class='ocrx_word' id='word_1_92' title='bbox 378 1882 484 1968; x_wconf 83' lang='lat' dir='ltr'><strong>Apud</strong></span> <span class='ocrx_word' id='word_1_93' title='bbox 503 1883 703 1949; x_wconf 88' lang='lat' dir='ltr'><strong>Norwicum</strong></span> <span class='ocrx_word' id='word_1_94' title='bbox 724 1885 927 1949; x_wconf 90' lang='lat' dir='ltr'><strong>immensum</strong></span> <span class='ocrx_word' id='word_1_95' title='bbox 948 1890 1181 1967; x_wconf 86' lang='lat' dir='ltr'><strong>perpetratum</strong></span> <span class='ocrx_word' id='word_1_96' title='bbox 1205 1890 1259 1948; x_wconf 88' lang='lat' dir='ltr'><strong>est</strong></span> <span class='ocrx_word' id='word_1_97' title='bbox 1275 1881 1327 1946; x_wconf 87' lang='lat' dir='ltr'><strong>sa-</strong></span> 
     </span>
     <span class='ocr_line' id='line_1_16' title="bbox 378 1982 1326 2067; baseline -0.001 -19"><span class='ocrx_word' id='word_1_98' title='bbox 378 1983 476 2048; x_wconf 91' lang='lat' dir='ltr'><strong>cinus</strong></span> <span class='ocrx_word' id='word_1_99' title='bbox 502 2003 525 2047; x_wconf 89' lang='lat' dir='ltr'><strong>a</strong></span> <span class='ocrx_word' id='word_1_100' title='bbox 551 1983 696 2060; x_wconf 84' lang='lat' dir='ltr'><strong>Judaeis,</strong></span> <span class='ocrx_word' id='word_1_101' title='bbox 721 1984 841 2067; x_wconf 92' lang='lat' dir='ltr'><strong>quiin</strong></span> <span class='ocrx_word' id='word_1_102' title='bbox 869 1984 1091 2067; x_wconf 89' lang='lat' dir='ltr'><strong>opprobrium</strong></span> <span class='ocrx_word' id='word_1_103' title='bbox 1118 1982 1326 2047; x_wconf 76' lang='lat' dir='ltr'><strong>Christianae</strong></span> 
     </span>
     <span class='ocr_line' id='line_1_17' title="bbox 380 2083 1326 2167; baseline 0.001 -21"><span class='ocrx_word' id='word_1_104' title='bbox 380 2083 472 2160; x_wconf 88' lang='lat' dir='ltr'><strong>fidei,</strong></span> <span class='ocrx_word' id='word_1_105' title='bbox 495 2090 530 2147; x_wconf 91' lang='lat' dir='ltr'><strong>et</strong></span> <span class='ocrx_word' id='word_1_106' title='bbox 552 2083 744 2148; x_wconf 84' lang='lat' dir='ltr'><strong>Salvatoris</strong></span> <span class='ocrx_word' id='word_1_107' title='bbox 765 2083 874 2149; x_wconf 88' lang='lat' dir='ltr'><strong>nostri</strong></span> <span class='ocrx_word' id='word_1_108' title='bbox 899 2083 1158 2167; x_wconf 87' lang='lat' dir='ltr'><strong>blasphemiam,</strong></span> <span class='ocrx_word' id='word_1_109' title='bbox 1181 2101 1326 2166; x_wconf 88' lang='lat' dir='ltr'><strong>puemm</strong></span> 
     </span>
     <span class='ocr_line' id='line_1_18' title="bbox 379 2181 1325 2266; baseline 0 -20"><span class='ocrx_word' id='word_1_110' title='bbox 379 2183 558 2266; x_wconf 88' lang='lat' dir='ltr'><strong>cujusdam</strong></span> <span class='ocrx_word' id='word_1_111' title='bbox 586 2181 766 2261; x_wconf 80' lang='lat' dir='ltr'><strong>Catholici,</strong></span> <span class='ocrx_word' id='word_1_112' title='bbox 800 2183 940 2247; x_wconf 88' lang='lat' dir='ltr'><strong>immani</strong></span> <span class='ocrx_word' id='word_1_113' title='bbox 969 2182 1183 2260; x_wconf 86' lang='lat' dir='ltr'><strong>crudelitate,</strong></span> <span class='ocrx_word' id='word_1_114' title='bbox 1214 2183 1325 2248; x_wconf 87' lang='lat' dir='ltr'><strong>crucis</strong></span> 
     </span>
     <span class='ocr_line' id='line_1_19' title="bbox 379 2281 1326 2367; baseline -0.001 -21"><span class='ocrx_word' id='word_1_115' title='bbox 379 2281 564 2347; x_wconf 85' lang='lat' dir='ltr'><strong>affixerunt</strong></span> <span class='ocrx_word' id='word_1_116' title='bbox 592 2283 758 2367; x_wconf 86' lang='lat' dir='ltr'><strong>patibulo.</strong></span> <span class='ocrx_word' id='word_1_117' title='bbox 818 2281 997 2348; x_wconf 83' lang='lat' dir='ltr'><strong>Galsridus</strong></span> <span class='ocrx_word' id='word_1_118' title='bbox 1027 2283 1070 2347; x_wconf 87' lang='lat' dir='ltr'><strong>de</strong></span> <span class='ocrx_word' id='word_1_119' title='bbox 1098 2282 1326 2365; x_wconf 85' lang='lat' dir='ltr'><strong>Magnavilla,</strong></span> 
     </span>
     <span class='ocr_line' id='line_1_20' title="bbox 377 2375 1327 2465; baseline 0.001 -20"><span class='ocrx_word' id='word_1_120' title='bbox 377 2382 413 2445; x_wconf 95' lang='lat' dir='ltr'><strong>in</strong></span> <span class='ocrx_word' id='word_1_121' title='bbox 446 2382 623 2448; x_wconf 88' lang='lat' dir='ltr'><strong>obsidione</strong></span> <span class='ocrx_word' id='word_1_122' title='bbox 656 2383 762 2447; x_wconf 86' lang='lat' dir='ltr'><strong>castri</strong></span> <span class='ocrx_word' id='word_1_123' title='bbox 789 2383 936 2460; x_wconf 91' lang='lat' dir='ltr'><strong>hostilis,</strong></span> <span class='ocrx_word' id='word_1_124' title='bbox 968 2402 991 2446; x_wconf 89' lang='lat' dir='ltr'><strong>a</strong></span> <span class='ocrx_word' id='word_1_125' title='bbox 1019 2382 1167 2465; x_wconf 83' lang='lat' dir='ltr'><strong>quodam</strong></span> <span class='ocrx_word' id='word_1_126' title='bbox 1198 2375 1327 2465; x_wconf 75' lang='lat' dir='ltr'><strong>&#39;pedite</strong></span> 
     </span>
     <span class='ocr_line' id='line_1_21' title="bbox 378 2480 1328 2566; baseline 0 -20"><span class='ocrx_word' id='word_1_127' title='bbox 378 2481 509 2563; x_wconf 80' lang='lat' dir='ltr'><strong>sagitta</strong></span> <span class='ocrx_word' id='word_1_128' title='bbox 541 2502 723 2566; x_wconf 88' lang='lat' dir='ltr'><strong>percussus</strong></span> <span class='ocrx_word' id='word_1_129' title='bbox 755 2483 791 2546; x_wconf 94' lang='lat' dir='ltr'><strong>in</strong></span> <span class='ocrx_word' id='word_1_130' title='bbox 821 2483 946 2566; x_wconf 87' lang='lat' dir='ltr'><strong>capite,</strong></span> <span class='ocrx_word' id='word_1_131' title='bbox 977 2490 1057 2566; x_wconf 89' lang='lat' dir='ltr'><strong>post</strong></span> <span class='ocrx_word' id='word_1_132' title='bbox 1089 2482 1162 2546; x_wconf 89' lang='lat' dir='ltr'><strong>dies</strong></span> <span class='ocrx_word' id='word_1_133' title='bbox 1195 2480 1328 2564; x_wconf 90' lang='lat' dir='ltr'><strong>aliquot</strong></span> 
     </span>
     <span class='ocr_line' id='line_1_22' title="bbox 378 2580 1327 2664; baseline 0.001 -19"><span class='ocrx_word' id='word_1_134' title='bbox 378 2583 581 2664; x_wconf 84' lang='lat' dir='ltr'><strong>exspiravit.</strong></span> <span class='ocrx_word' id='word_1_135' title='bbox 662 2582 790 2646; x_wconf 91' lang='lat' dir='ltr'><strong>Similis</strong></span> <span class='ocrx_word' id='word_1_136' title='bbox 828 2583 987 2646; x_wconf 87' lang='lat' dir='ltr'><strong>factionis</strong></span> <span class='ocrx_word' id='word_1_137' title='bbox 1020 2582 1121 2646; x_wconf 88' lang='lat' dir='ltr'><strong>homo</strong></span> <span class='ocrx_word' id='word_1_138' title='bbox 1153 2580 1327 2646; x_wconf 87' lang='lat' dir='ltr'><strong>Robertns</strong></span> 
     </span>
     <span class='ocr_line' id='line_1_23' title="bbox 380 2681 1329 2765; baseline 0.002 -21"><span class='ocrx_word' id='word_1_139' title='bbox 380 2681 577 2765; x_wconf 91' lang='lat' dir='ltr'><strong>Marmynn,</strong></span> <span class='ocrx_word' id='word_1_140' title='bbox 599 2681 740 2746; x_wconf 86' lang='lat' dir='ltr'><strong>invasor</strong></span> <span class='ocrx_word' id='word_1_141' title='bbox 761 2682 959 2747; x_wconf 89' lang='lat' dir='ltr'><strong>monasterii</strong></span> <span class='ocrx_word' id='word_1_142' title='bbox 980 2681 1249 2747; x_wconf 87' lang='lat' dir='ltr'><strong>Conventrensis</strong></span> <span class='ocrx_word' id='word_1_143' title='bbox 1266 2701 1329 2746; x_wconf 84' lang='lat' dir='ltr'><strong>ex-</strong></span> 
     </span>
     <span class='ocr_line' id='line_1_24' title="bbox 378 2781 1328 2860; baseline 0.001 -16"><span class='ocrx_word' id='word_1_144' title='bbox 378 2781 484 2845; x_wconf 91' lang='lat' dir='ltr'><strong>clusis</strong></span> <span class='ocrx_word' id='word_1_145' title='bbox 494 2781 681 2860; x_wconf 80' lang='lat' dir='ltr'><strong>monachia,</strong></span> <span class='ocrx_word' id='word_1_146' title='bbox 693 2802 770 2845; x_wconf 90' lang='lat' dir='ltr'><strong>cum</strong></span> <span class='ocrx_word' id='word_1_147' title='bbox 788 2788 910 2846; x_wconf 84' lang='lat' dir='ltr'><strong>contra</strong></span> <span class='ocrx_word' id='word_1_148' title='bbox 925 2781 1140 2847; x_wconf 89' lang='lat' dir='ltr'><strong>Cestrensem</strong></span> <span class='ocrx_word' id='word_1_149' title='bbox 1156 2782 1328 2860; x_wconf 87' lang='lat' dir='ltr'><strong>comitem,</strong></span> 
     </span>
     <span class='ocr_line' id='line_1_25' title="bbox 380 2880 1327 2964; baseline 0.002 -20"><span class='ocrx_word' id='word_1_150' title='bbox 380 2900 457 2944; x_wconf 90' lang='lat' dir='ltr'><strong>cum</strong></span> <span class='ocrx_word' id='word_1_151' title='bbox 486 2880 684 2962; x_wconf 86' lang='lat' dir='ltr'><strong>ingentibus</strong></span> <span class='ocrx_word' id='word_1_152' title='bbox 714 2880 822 2964; x_wconf 91' lang='lat' dir='ltr'><strong>copiis</strong></span> <span class='ocrx_word' id='word_1_153' title='bbox 847 2882 1103 2959; x_wconf 86' lang='lat' dir='ltr'><strong>adventantem,</strong></span> <span class='ocrx_word' id='word_1_154' title='bbox 1137 2883 1327 2946; x_wconf 84' lang='lat' dir='ltr'><strong>exercitum</strong></span> 
     </span>
     <span class='ocr_line' id='line_1_26' title="bbox 380 2974 1329 3064; baseline 0.003 -21"><span class='ocrx_word' id='word_1_155' title='bbox 380 2988 549 3062; x_wconf 88' lang='lat' dir='ltr'><strong>parasset,</strong></span> <span class='ocrx_word' id='word_1_156' title='bbox 585 2981 621 3044; x_wconf 91' lang='lat' dir='ltr'><strong>in</strong></span> <span class='ocrx_word' id='word_1_157' title='bbox 652 2974 917 3064; x_wconf 80' lang='lat' dir='ltr'><strong>⁸prospectuque</strong></span> <span class='ocrx_word' id='word_1_158' title='bbox 955 2982 1106 3046; x_wconf 90' lang='lat' dir='ltr'><strong>omnium</strong></span> <span class='ocrx_word' id='word_1_159' title='bbox 1145 2989 1329 3064; x_wconf 87' lang='lat' dir='ltr'><strong>spumante</strong></span> 
     </span>
     <span class='ocr_line' id='line_1_27' title="bbox 380 3078 1330 3164; baseline 0.002 -21"><span class='ocrx_word' id='word_1_160' title='bbox 380 3078 563 3144; x_wconf 85' lang='lat' dir='ltr'><strong>veheretur</strong></span> <span class='ocrx_word' id='word_1_161' title='bbox 585 3081 623 3144; x_wconf 94' lang='lat' dir='ltr'><strong>in</strong></span> <span class='ocrx_word' id='word_1_162' title='bbox 648 3100 737 3164; x_wconf 88' lang='lat' dir='ltr'><strong>equo</strong></span> <span class='ocrx_word' id='word_1_163' title='bbox 763 3087 884 3146; x_wconf 87' lang='lat' dir='ltr'><strong>contra</strong></span> <span class='ocrx_word' id='word_1_164' title='bbox 909 3082 1037 3160; x_wconf 86' lang='lat' dir='ltr'><strong>hostes,</strong></span> <span class='ocrx_word' id='word_1_165' title='bbox 1057 3082 1091 3144; x_wconf 95' lang='lat' dir='ltr'><strong>in</strong></span> <span class='ocrx_word' id='word_1_166' title='bbox 1117 3080 1253 3146; x_wconf 81' lang='lat' dir='ltr'><strong>foveam</strong></span> <span class='ocrx_word' id='word_1_167' title='bbox 1277 3081 1330 3145; x_wconf 90' lang='lat' dir='ltr'><strong>iu-</strong></span> 
     </span>
     <span class='ocr_line' id='line_1_28' title="bbox 380 3178 1328 3263; baseline 0.002 -19"><span class='ocrx_word' id='word_1_168' title='bbox 380 3178 475 3255; x_wconf 85' lang='lat' dir='ltr'><strong>cidlt,</strong></span> <span class='ocrx_word' id='word_1_169' title='bbox 488 3187 524 3244; x_wconf 86' lang='lat' dir='ltr'><strong>et</strong></span> <span class='ocrx_word' id='word_1_170' title='bbox 538 3180 618 3246; x_wconf 87' lang='lat' dir='ltr'><strong>dum</strong></span> <span class='ocrx_word' id='word_1_171' title='bbox 634 3180 743 3245; x_wconf 87' lang='lat' dir='ltr'><strong>fracto</strong></span> <span class='ocrx_word' id='word_1_172' title='bbox 757 3181 885 3245; x_wconf 83' lang='lat' dir='ltr'><strong>femore</strong></span> <span class='ocrx_word' id='word_1_173' title='bbox 905 3201 1078 3263; x_wconf 87' lang='lat' dir='ltr'><strong>emergere</strong></span> <span class='ocrx_word' id='word_1_174' title='bbox 1099 3200 1165 3245; x_wconf 92' lang='lat' dir='ltr'><strong>non</strong></span> <span class='ocrx_word' id='word_1_175' title='bbox 1184 3181 1328 3261; x_wconf 83' lang='lat' dir='ltr'><strong>valeret,</strong></span> 
     </span>
     <span class='ocr_line' id='line_1_29' title="bbox 379 3278 1328 3365; baseline 0.002 -22"><span class='ocrx_word' id='word_1_176' title='bbox 379 3278 563 3362; x_wconf 87' lang='lat' dir='ltr'><strong>aquodam</strong></span> <span class='ocrx_word' id='word_1_177' title='bbox 588 3280 697 3363; x_wconf 86' lang='lat' dir='ltr'><strong>partis</strong></span> <span class='ocrx_word' id='word_1_178' title='bbox 720 3280 874 3346; x_wconf 88' lang='lat' dir='ltr'><strong>adversae</strong></span> <span class='ocrx_word' id='word_1_179' title='bbox 900 3282 1049 3346; x_wconf 87' lang='lat' dir='ltr'><strong>satellite</strong></span> <span class='ocrx_word' id='word_1_180' title='bbox 1072 3281 1185 3365; x_wconf 87' lang='lat' dir='ltr'><strong>capite</strong></span> <span class='ocrx_word' id='word_1_181' title='bbox 1204 3282 1328 3364; x_wconf 86' lang='lat' dir='ltr'><strong>plexus</strong></span> 
     </span>
     <span class='ocr_line' id='line_1_30' title="bbox 378 3379 736 3462; baseline 0.008 -20"><span class='ocrx_word' id='word_1_182' title='bbox 378 3379 499 3462; x_wconf 85' lang='lat' dir='ltr'><strong>praelio</strong></span> <span class='ocrx_word' id='word_1_183' title='bbox 515 3380 615 3444; x_wconf 88' lang='lat' dir='ltr'><strong>finem</strong></span> <span class='ocrx_word' id='word_1_184' title='bbox 633 3380 736 3446; x_wconf 89' lang='lat' dir='ltr'><strong>dedit.</strong></span> 
     </span>
     <span class='ocr_line' id='line_1_31' title="bbox 431 3478 1327 3567; baseline 0.002 -24"><span class='ocrx_word' id='word_1_185' title='bbox 431 3478 510 3543; x_wconf 86' lang='lat' dir='ltr'><strong>Rex</strong></span> <span class='ocrx_word' id='word_1_186' title='bbox 528 3480 738 3545; x_wconf 89' lang='lat' dir='ltr'><strong>Francorum</strong></span> <span class='ocrx_word' id='word_1_187' title='bbox 754 3481 912 3547; x_wconf 91' lang='lat' dir='ltr'><strong>comitem</strong></span> <span class='ocrx_word' id='word_1_188' title='bbox 926 3480 1126 3566; x_wconf 79' lang='lat' dir='ltr'><strong>Campaniae</strong></span> <span class='ocrx_word' id='word_1_189' title='bbox 1138 3482 1181 3547; x_wconf 91' lang='lat' dir='ltr'><strong>ad</strong></span> <span class='ocrx_word' id='word_1_190' title='bbox 1194 3501 1327 3567; x_wconf 86' lang='lat' dir='ltr'><strong>pacem,</strong></span> 
     </span>
     <span class='ocr_line' id='line_1_32' title="bbox 379 3579 1328 3665; baseline 0.005 -24"><span class='ocrx_word' id='word_1_191' title='bbox 379 3579 550 3644; x_wconf 89' lang='lat' dir='ltr'><strong>mediante</strong></span> <span class='ocrx_word' id='word_1_192' title='bbox 566 3580 745 3647; x_wconf 86' lang='lat' dir='ltr'><strong>Bernardo</strong></span> <span class='ocrx_word' id='word_1_193' title='bbox 767 3581 1015 3647; x_wconf 84' lang='lat' dir='ltr'><strong>clarevallensi</strong></span> <span class='ocrx_word' id='word_1_194' title='bbox 1035 3583 1172 3660; x_wconf 87' lang='lat' dir='ltr'><strong>abbate,</strong></span> <span class='ocrx_word' id='word_1_195' title='bbox 1187 3582 1328 3665; x_wconf 85' lang='lat' dir='ltr'><strong>recepit.</strong></span> 
     </span>
     <span class='ocr_line' id='line_1_33' title="bbox 221 3677 1328 3759; baseline -0.004 -8"><span class='ocrx_word' id='word_1_196' title='bbox 221 3711 334 3752; x_wconf 61' lang='lat' dir='ltr'><strong>arnaria</strong></span> <span class='ocrx_word' id='word_1_197' title='bbox 380 3677 529 3757; x_wconf 87' lang='lat' dir='ltr'><strong>Quidam</strong></span> <span class='ocrx_word' id='word_1_198' title='bbox 547 3680 693 3745; x_wconf 88' lang='lat' dir='ltr'><strong>Italicus</strong></span> <span class='ocrx_word' id='word_1_199' title='bbox 712 3679 889 3746; x_wconf 87' lang='lat' dir='ltr'><strong>Arnaldus</strong></span> <span class='ocrx_word' id='word_1_200' title='bbox 908 3681 951 3745; x_wconf 89' lang='lat' dir='ltr'><strong>de</strong></span> <span class='ocrx_word' id='word_1_201' title='bbox 971 3681 1103 3759; x_wconf 86' lang='lat' dir='ltr'><strong>Brixia,</strong></span> <span class='ocrx_word' id='word_1_202' title='bbox 1119 3683 1328 3747; x_wconf 87' lang='lat' dir='ltr'><strong>artissimam</strong></span> 
     </span>
     <span class='ocr_line' id='line_1_34' title="bbox 219 3762 1326 3865; baseline 0.004 -23"><span class='ocrx_word' id='word_1_203' title='bbox 219 3762 357 3852; x_wconf 56' lang='lat' dir='ltr'><strong>ffiffi„</strong></span> <span class='ocrx_word' id='word_1_204' title='bbox 381 3779 488 3844; x_wconf 86' lang='lat' dir='ltr'><strong>vitam</strong></span> <span class='ocrx_word' id='word_1_205' title='bbox 504 3779 644 3858; x_wconf 91' lang='lat' dir='ltr'><strong>ducens,</strong></span> <span class='ocrx_word' id='word_1_206' title='bbox 660 3781 789 3847; x_wconf 88' lang='lat' dir='ltr'><strong>multos</strong></span> <span class='ocrx_word' id='word_1_207' title='bbox 812 3782 974 3865; x_wconf 81' lang='lat' dir='ltr'><strong>pestilera</strong></span> <span class='ocrx_word' id='word_1_208' title='bbox 991 3782 1147 3847; x_wconf 88' lang='lat' dir='ltr'><strong>doctrina</strong></span> <span class='ocrx_word' id='word_1_209' title='bbox 1162 3782 1302 3847; x_wconf 87' lang='lat' dir='ltr'><strong>seduxit</strong></span> <span class='ocrx_word' id='word_1_210' title='bbox 1316 3801 1326 3859; x_wconf 88' lang='grc'><strong>;</strong></span> 
     </span>
    </p>
   </div>
   <div class='ocr_carea' id='block_1_5' title="bbox 381 3878 1329 3966">
    <p class='ocr_par' dir='ltr' id='par_1_5' title="bbox 381 3878 1329 3966">
     <span class='ocr_line' id='line_1_35' title="bbox 381 3878 1329 3966; baseline 0.003 -25"><span class='ocrx_word' id='word_1_211' title='bbox 381 3878 453 3961; x_wconf 94' lang='lat' dir='ltr'><strong>qui,</strong></span> <span class='ocrx_word' id='word_1_212' title='bbox 469 3880 549 3943; x_wconf 93' lang='lat' dir='ltr'><strong>dum</strong></span> <span class='ocrx_word' id='word_1_213' title='bbox 573 3880 696 3945; x_wconf 89' lang='lat' dir='ltr'><strong>Rornae</strong></span> <span class='ocrx_word' id='word_1_214' title='bbox 719 3881 919 3946; x_wconf 87' lang='lat' dir='ltr'><strong>clericorum</strong></span> <span class='ocrx_word' id='word_1_215' title='bbox 943 3882 1081 3947; x_wconf 88' lang='lat' dir='ltr'><strong>divitias</strong></span> <span class='ocrx_word' id='word_1_216' title='bbox 1096 3889 1131 3947; x_wconf 91' lang='lat' dir='ltr'><strong>et</strong></span> <span class='ocrx_word' id='word_1_217' title='bbox 1145 3880 1329 3966; x_wconf 90' lang='lat' dir='ltr'><strong>superflui·</strong></span> 
     </span>
    </p>
   </div>
   <div class='ocr_carea' id='block_1_6' title="bbox 380 4067 1328 4348">
    <p class='ocr_par' dir='ltr' id='par_1_6' title="bbox 380 4067 1328 4348">
     <span class='ocr_line' id='line_1_36' title="bbox 416 4067 1328 4135; baseline 0.007 -17"><span class='ocrx_word' id='word_1_218' title='bbox 416 4067 480 4119; x_wconf 85' lang='lat' dir='ltr'><strong>¹All</strong></span> <span class='ocrx_word' id='word_1_219' title='bbox 497 4071 539 4120; x_wconf 88' lang='lat' dir='ltr'><strong>the</strong></span> <span class='ocrx_word' id='word_1_220' title='bbox 555 4075 723 4135; x_wconf 84' lang='lat' dir='ltr'><strong>manuscripts</strong></span> <span class='ocrx_word' id='word_1_221' title='bbox 735 4074 799 4124; x_wconf 82' lang='lat' dir='ltr'><strong>have</strong></span> <span class='ocrx_word' id='word_1_222' title='bbox 815 4075 840 4122; x_wconf 91' lang='lat' dir='ltr'><strong>in</strong></span> <span class='ocrx_word' id='word_1_223' title='bbox 866 4089 906 4123; x_wconf 82' lang='lat' dir='ltr'><strong>we</strong></span> <span class='ocrx_word' id='word_1_224' title='bbox 931 4074 995 4123; x_wconf 86' lang='lat' dir='ltr'><strong>have</strong></span> <span class='ocrx_word' id='word_1_225' title='bbox 1021 4075 1119 4124; x_wconf 81' lang='lat' dir='ltr'><strong>altered</strong></span> <span class='ocrx_word' id='word_1_226' title='bbox 1147 4074 1189 4124; x_wconf 87' lang='lat' dir='ltr'><strong>the</strong></span> <span class='ocrx_word' id='word_1_227' title='bbox 1216 4080 1270 4124; x_wconf 85' lang='lat' dir='ltr'><strong>text</strong></span> <span class='ocrx_word' id='word_1_228' title='bbox 1298 4090 1328 4124; x_wconf 86' lang='lat' dir='ltr'><strong>as</strong></span> 
     </span>
     <span class='ocr_line' id='line_1_37' title="bbox 380 4139 953 4206; baseline 0.01 -18"><span class='ocrx_word' id='word_1_229' title='bbox 380 4139 431 4188; x_wconf 85' lang='lat' dir='ltr'><strong>this</strong></span> <span class='ocrx_word' id='word_1_230' title='bbox 442 4142 515 4201; x_wconf 87' lang='lat' dir='ltr'><strong>place</strong></span> <span class='ocrx_word' id='word_1_231' title='bbox 527 4144 534 4169; x_wconf 86' lang='lat'>‘</span> <span class='ocrx_word' id='word_1_232' title='bbox 544 4141 706 4205; x_wconf 80' lang='lat' dir='ltr'><strong>praet&#39;oeutis,&#39;</strong></span> <span class='ocrx_word' id='word_1_233' title='bbox 717 4145 840 4206; x_wconf 76' lang='lat' dir='ltr'><strong>implyiug</strong></span> <span class='ocrx_word' id='word_1_234' title='bbox 866 4146 953 4194; x_wconf 87' lang='lat' dir='ltr'><strong>abore.</strong></span> 
     </span>
     <span class='ocr_line' id='line_1_38' title="bbox 380 4207 1327 4279; baseline 0.008 -21"><span class='ocrx_word' id='word_1_235' title='bbox 380 4210 388 4237; x_wconf 84' lang='lat'><strong>⁴</strong></span> <span class='ocrx_word' id='word_1_236' title='bbox 401 4207 513 4259; x_wconf 85' lang='lat' dir='ltr'><strong>choked&#39;</strong></span> <span class='ocrx_word' id='word_1_237' title='bbox 525 4227 553 4259; x_wconf 91' lang='lat' dir='ltr'><strong>or</strong></span> <span class='ocrx_word' id='word_1_238' title='bbox 563 4215 571 4240; x_wconf 79' lang='lat'><strong>⁴</strong></span> <span class='ocrx_word' id='word_1_239' title='bbox 582 4214 710 4275; x_wconf 76' lang='lat' dir='ltr'><strong>strangled</strong></span> <span class='ocrx_word' id='word_1_240' title='bbox 719 4209 735 4273; x_wconf 73' lang='grc' dir='ltr'><strong>ς’</strong></span> <span class='ocrx_word' id='word_1_241' title='bbox 746 4215 801 4275; x_wconf 87' lang='lat' dir='ltr'><strong>but,</strong></span> <span class='ocrx_word' id='word_1_242' title='bbox 810 4229 839 4263; x_wconf 84' lang='lat' dir='ltr'><strong>as</strong></span> <span class='ocrx_word' id='word_1_243' title='bbox 900 4211 1016 4276; x_wconf 69' lang='lat' dir='ltr'><strong>’‘pedite</strong></span> <span class='ocrx_word' id='word_1_244' title='bbox 1023 4214 1153 4278; x_wconf 75' lang='lat' dir='ltr'><strong>sagittario</strong></span> <span class='ocrx_word' id='word_1_245' title='bbox 1162 4210 1276 4279; x_wconf 70' lang='lat' dir='ltr'><strong>mgitta3&#39;</strong></span> <span class='ocrx_word' id='word_1_246' title='bbox 1286 4216 1327 4268; x_wconf 86' lang='grc' dir='ltr'><strong>Μ.</strong></span> 
     </span>
     <span class='ocr_line' id='line_1_39' title="bbox 380 4279 1246 4348; baseline 0.01 -21"><span class='ocrx_word' id='word_1_247' title='bbox 380 4279 423 4328; x_wconf 88' lang='lat' dir='ltr'><strong>the</strong></span> <span class='ocrx_word' id='word_1_248' title='bbox 440 4295 512 4329; x_wconf 85' lang='lat' dir='ltr'><strong>sense</strong></span> <span class='ocrx_word' id='word_1_249' title='bbox 526 4282 612 4330; x_wconf 81' lang='lat' dir='ltr'><strong>would</strong></span> <span class='ocrx_word' id='word_1_250' title='bbox 626 4283 658 4333; x_wconf 86' lang='lat' dir='ltr'><strong>be</strong></span> <span class='ocrx_word' id='word_1_251' title='bbox 678 4283 839 4348; x_wconf 67' lang='lat' dir='ltr'><strong>sarsetched,</strong></span> <span class='ocrx_word' id='word_1_252' title='bbox 901 4282 1074 4346; x_wconf 75' lang='lat' dir='ltr'><strong>⁸‘conspectu</strong></span> <span class='ocrx_word' id='word_1_253' title='bbox 1084 4279 1099 4347; x_wconf 70' lang='grc' dir='ltr'><strong>ς’</strong></span> <span class='ocrx_word' id='word_1_254' title='bbox 1112 4286 1150 4336; x_wconf 85' lang='grc' dir='ltr'><strong>Μ.</strong></span> <span class='ocrx_word' id='word_1_255' title='bbox 1162 4289 1188 4336; x_wconf 81' lang='lat' dir='ltr'><strong>et</strong></span> <span class='ocrx_word' id='word_1_256' title='bbox 1198 4283 1246 4336; x_wconf 76' lang='lat' dir='ltr'><strong>Ar.</strong></span> 
     </span>
    </p>
   </div>
   <div class='ocr_carea' id='block_1_7' title="bbox 0 0 1456 4860">
    <p class='ocr_par' dir='ltr' id='par_1_7' title="bbox 0 0 1456 4860">
     <span class='ocr_line' id='line_1_40' title="bbox 0 0 1456 4860; baseline 0 0"><span class='ocrx_word' id='word_1_257' title='bbox 0 0 1456 4860; x_wconf 95' lang='lat' dir='ltr'><strong> </strong></span> 
     </span>
    </p>
   </div>
  </div>
 </body>
</html>
