2902 5294
373 383 439 446 244
742 396 814 444 uic.
830 396 977 445 rurvnrr

376 574 476 618 suum
510 554 785 637 primogenitum,
819 573 896 617 cum
929 554 1004 638 Jam
1037 561 1129 618 esset
1161 572 1334 617 annorum

376 653 583 737 quindecim,
625 654 816 719 transmisit
853 653 897 717 ad
934 648 1177 718 ¹Aldefonsum
1214 674 1331 735 regem

378 753 553 831 Castaliae,
572 761 612 818 ut
625 772 702 817 cnm
719 753 826 818 nobili
845 754 961 836 puella
974 753 1153 830 Alienora,
1175 753 1331 838 ejusdem

379 855 469 934 regis
486 873 614 928 sorore,
631 854 732 918 iniret
741 854 961 919 connubium.
995 852 1106 933 Quem
1121 852 1333 918 Aldelonsus

379 972 441 1017 rex
467 953 511 1016 ad
540 953 716 1017 civitatem
743 954 939 1037 Hispaniae,
967 974 1046 1036 quae
1075 954 1181 1035 vulgo
1206 946 1333 1017 'Bures

379 1051 517 1129 dicitur,
547 1053 738 1118 venientem
760 1072 837 1117 cum
862 1053 990 1135 gaudio
1012 1061 1047 1118 et
1071 1053 1200 1118 honore
1224 1051 1335 1117 susci·

381 1153 490 1236 pienS,
525 1152 731 1216 militaribus
767 1153 871 1216 armis
908 1153 1031 1232 cinxit,
1067 1162 1102 1218 ct
1135 1153 1334 1237 nuptiarum

382 1246 575 1316 ⁸solcmniis
598 1251 699 1317 valde
721 1250 939 1331 honoratum,
962 1272 1040 1317 cum
1061 1273 1170 1318 uxore
1197 1253 1242 1317 ad
1270 1271 1333 1335 pa·

382 1360 467 1416 trem
501 1351 642 1416 remisit.
709 1349 934 1417 Innocentius
972 1372 1065 1436 papa
1095 1371 1173 1417 cnm
1206 1368 1334 1433 magno

382 1452 538 1515 exercitu
561 1449 725 1532 Apuliam
749 1452 926 1533 ingressus
949 1454 1105 1530 moritur,
1126 1471 1204 1516 cum
1222 1452 1332 1516 sedis·

381 1559 436 1616 set
457 1550 555 1614 annis
577 1550 747 1625 undecim,
771 1551 948 1615 mensibus
974 1571 1050 1630 sex,
1072 1561 1108 1616 et
1127 1551 1220 1634 apud
1241 1551 1333 1616 Nea·

383 1651 488 1733 polim
514 1651 690 1733 sepelitur.
736 1649 910 1715 Successit
939 1650 1139 1715 Alexander
1159 1646 1335 1734 *quartum

383 1751 524 1814 natione
549 1748 756 1833 Campanus.
811 1750 892 1814 Filii
915 1750 1125 1832 Margaretae
1150 1752 1335 1816 comitissae

385 1850 619 1925 Flandrensis,
647 1870 735 1932 quos
762 1859 961 1934 susceperat
984 1851 1027 1915 de
1049 1851 1249 1916 Borcaredo
1274 1851 1335 1916 do·

384 1951 476 2014 mino
503 1949 546 2013 de
576 1949 720 2026 Avenis,
748 1951 1008 2015 insurrexerunt
1033 1961 1153 2016 contra
1177 1959 1335 2028 matrem,

382 2049 467 2132 quia
484 2048 775 2114 eos‘exheredara
794 2050 916 2127 voluit,
938 2058 972 2114 et
992 2050 1150 2115 heredem
1167 2052 1234 2115 sibi
1255 2051 1337 2114 sul).-

383 2148 526 2214 stituere
544 2149 652 2213 filium
675 2170 774 2213 suum
794 2148 1000 2228 Guidonem,
1016 2171 1117 2233 quem
1134 2150 1178 2214 de
1201 2170 1244 2215 ea
1264 2144 1338 2231 ⁵ge-

383 2250 459 2313 nuit
481 2249 624 2312 maritus
646 2249 817 2331 posterior
836 2249 1032 2314 Willelmus
1055 2250 1097 2314 de
1112 2243 1336 2333 ⁶Dampetra.

386 2348 572 2414 Comitissa
589 2367 670 2413 vero
687 2351 722 2412 in
739 2349 793 2412 sui
811 2350 1020 2433 adjutorium
1038 2348 1200 2415 Carolum
1217 2349 1339 2415 Ande·

384 2468 569 2530 gavensem
600 2449 759 2513 comitem
791 2450 984 2526 accersivit,
1018 2449 1196 2515 conferens
1228 2450 1338 2513 eidem

387 2549 585 2613 Hannoniae
600 2550 826 2628 comitatum3
849 2569 951 2631 quem
971 2548 1032 2612 filii
1055 2551 1254 2627 comitissae,
1277 2550 1339 2614 ad·

383 2649 531 2732 juvante
554 2668 613 2712 eos
636 2669 717 2730 rege
737 2648 973 2712 Romanorum
990 2648 1178 2727 Wiilelmo,
1192 2649 1341 2732 aliisque

385 2749 566 2814 'l'cutoniae
582 2748 806 2831 principibus,
824 2747 959 2813 fortiter
975 2752 1236 2832 oppugnabant.

851 2987 858 3002 .
958 2965 1113 3002 PRANOORUM
1170 2967 1311 3003 suntoculi

917 3077 922 3089 .
957 3053 1072 3090 ronovrcr
1084 3053 1120 3090 rx.
1160 3054 1266 3090 usunrcr
1278 3055 1318 3092 111.

1220 3114 1261 3160 39.

224 3275 366 3316 nenium
439 3253 618 3317 Mouruun
651 3254 859 3331 Willelmus,
889 3275 951 3318 rex
984 3254 1187 3319 Alemaniae.
1241 3255 1343 3320 Elec·

223 3336 325 3376 ‘'um''
386 3363 479 3416 tores
502 3332 584 3418 vero
609 3355 826 3437 imperatoris
853 3356 897 3418 ab
927 3356 1071 3419 invicem
1103 3346 1220 3418 ⁷divisi
1247 3365 1343 3431 sunt,

385 3453 437 3516 ita
451 3460 490 3516 ut
508 3454 645 3536 quidam
671 3473 784 3535 regem
808 3452 972 3518 Castaliae
994 3455 1173 3535 eligerent,
1199 3455 1342 3536 quidam

387 3572 468 3617 vero
486 3553 688 3626 Ricardum,
708 3552 847 3618 fratrem
864 3554 955 3635 regis
969 3554 1174 3636 Anglorum.
1229 3554 1344 3619 Comi·

423 3773 555 3826 ¹Alionso
579 3778 624 3838 x.,
647 3780 781 3828 sumamed
808 3780 850 3828 the
876 3781 929 3828 rius
945 3785 1064 3843 suggests
1080 3775 1264 3843 ‘Burges‚’t⁴or
1279 3782 1346 3832 Bur-

387 3846 466 3895 Wisc.
501 3846 543 3897 On
561 3848 611 3896 this
627 3849 851 3911 occasionalem
876 3865 931 3912 gos.

387 3917 514 3977 promised
531 3931 548 3965 a
563 3923 637 3978 gram
651 3918 680 3967 ot'
692 3918 809 3968 Guienne
826 3925 852 3969 to
911 3917 922 3947 ³
937 3920 1081 3969 ‘solemniis
1092 3920 1225 3970 celebratis
1235 3920 1251 3981 ;'
1263 3922 1303 3971 M.

388 3986 428 4034 his
444 4001 489 4034 son
509 3987 631 4049 Edward,
646 3989 741 4050 adding
757 3989 853 4038 thereto
912 3987 922 4016 ⁴
940 3989 1202 4040 auctorisatam
1216 3994 1347 4043 ‘tortian'

288 4095 292 4102 .
388 4055 853 4119 Wales,1raland,andl3riatol;which
914 4057 924 4087 ⁸
939 4061 1078 4120 ‘genuerat
1088 4054 1102 4120 ς’
1115 4060 1153 4108 Μ.
1165 4065 1189 4109 et
1201 4061 1248 4112 Ar.

388 4139 442 4174 was
453 4127 597 4187 confirmed,
613 4128 688 4188 infra,
699 4143 725 4189 p.
737 4133 795 4179 246.
913 4126 924 4157 ⁶
942 4130 1091 4190 ‘Danpetra
1103 4127 1120 4189 ;'
1132 4130 1171 4179 M.
1180 4135 1205 4178 et
1215 4132 1263 4181 Ar.

424 4192 434 4222 ¹
450 4196 545 4246 ‘Binan
554 4193 570 4256 3'
581 4198 621 4247 Μ.
631 4203 655 4247 et
664 4203 711 4248 Ar.
736 4194 855 4248 D’Ache·
915 4197 925 4229 ⁷
942 4201 1069 4262 ‘separati
1081 4194 1095 4259 ;’
1107 4200 1145 4250 Μ.
