2896 4860
209 893 350 941 riegrim
421 868 539 934 Cincii
556 869 657 933 finem
676 868 804 932 mensis
820 867 844 931 J
846 866 919 944 ulii,
937 867 1112 932 Henricus
1130 887 1194 931 rex
1207 869 1323 932 senior

208 948 324 1044 iiiiii?
370 970 405 1033 in
422 969 586 1052 Angliam
607 968 854 1033 transfretavit.
908 966 1099 1045 Galfridus,
1117 967 1208 1032 filius
1229 967 1323 1049 regis

370 1069 522 1152 Angliee,
537 1070 643 1134 filiam
658 1069 805 1144 Conani,
822 1067 958 1132 comitis
976 1067 1180 1145 Britanniae,
1198 1069 1323 1132 solem-

371 1171 461 1235 niter
481 1170 715 1254 desponsavit.
767 1163 827 1232 ¹ln
853 1168 1070 1233 solemnitate
1099 1167 1245 1233 Paschae
1276 1169 1319 1232 ad

371 1277 534 1346 castrum,
568 1270 661 1353 quod
695 1269 821 1333 dicitur
847 1262 1133 1346 ²M0nsnureus,
1163 1269 1322 1351 quaedam

371 1372 494 1435 mulier
514 1371 651 1435 infamis
677 1389 754 1433 cum
783 1370 955 1452 acciperet
985 1369 1121 1453 Corpus
1150 1369 1320 1447 Cunism,

372 1491 440 1535 non
452 1470 593 1554 glutivit
606 1470 703 1547 illud,
721 1470 781 1534 sed
800 1470 916 1553 posuit
930 1469 1014 1533 illud
1031 1470 1066 1533 in
1084 1488 1166 1533 arca
1179 1488 1255 1547 sua,
1269 1469 1322 1533 in·

371 1571 528 1635 volutum
546 1590 660 1655 penno
677 1570 778 1634 lineo.
831 1570 917 1634 Cum
936 1578 1051 1634 autem
1068 1571 1206 1653 quidam
1227 1589 1323 1634 ama·

370 1671 443 1734 sins
460 1671 535 1756 ejus
553 1673 701 1756 aperiret
716 1672 858 1735 eandem
877 1690 1005 1748 arcam,
1022 1671 1155 1734 invenit
1172 1669 1320 1735 hostiam

372 1771 546 1835 Dominici
562 1771 726 1855 Corporis
743 1773 777 1835 in
797 1770 940 1853 effigiem
957 1772 1071 1835 earnis
1089 1779 1123 1837 et
1140 1772 1321 1853 sanguinis

371 1879 647 1937 transmutatam.

262 2007 285 2037 m
323 2006 345 2036 a
423 1971 539 2038 Mater
556 1973 690 2037 soldani
710 1972 831 2050 Iconii,
851 1992 929 2055 quae
947 1978 986 2035 ut
1001 1972 1249 2055 supradictum
1268 1980 1322 2037 est

370 2090 469 2137 soror
487 2073 601 2138 fuerat
624 2070 759 2139 comitis
786 2073 820 2137 S.
840 2073 984 2154 AEgidii,
1009 2067 1167 2137 ³veniens
1192 2073 1237 2137 ad
1259 2093 1322 2138 ex·

370 2180 492 2250 trema,
507 2174 674 2239 revelavit
690 2173 850 2247 filiosuo,
875 2173 967 2256 quod
985 2192 1120 2255 semper
1133 2172 1320 2251 celaverat,

369 2273 462 2356 quod
481 2282 572 2338 esset
588 2274 750 2339 videlicet
765 2272 983 2352 Christiana3
1007 2274 1212 2356 rogavitque
1227 2275 1321 2357 quod

369 2373 524 2439 crederet
540 2375 575 2438 in
590 2374 802 2451 Cunisruu,
820 2381 856 2438 et
872 2373 964 2456 quod
980 2373 1138 2456 diligeret
1153 2374 1320 2440 Christia-

370 2493 444 2542 nos.
496 2474 561 2540 Gui
577 2475 680 2553 filius,
700 2494 738 2539 se
755 2494 822 2539 non
837 2475 964 2539 audere
986 2474 1051 2539 hoc
1074 2483 1193 2558 aperto
1209 2475 1322 2540 facere

369 2583 511 2658 propter
542 2593 708 2659 paganos,
739 2576 926 2659 respondit.
989 2575 1157 2658 Dixitque
1188 2584 1318 2641 materz

369 2674 474 2753 ‘Fili,
500 2695 578 2739 cum
605 2683 744 2741 mortue
766 2676 873 2751 fuero,
901 2675 1072 2740 excelsam
1100 2675 1183 2740 mihi
1206 2678 1323 2760 sepul-

370 2783 482 2839 turam
499 2776 553 2839 sac
570 2776 661 2841 sicut
675 2777 899 2860 pyramidem,
923 2783 959 2840 et
976 2795 1081 2859 super
1094 2795 1170 2841 eam
1187 2777 1320 2843 colloca

369 2876 506 2957 signum
524 2877 658 2939 crucis.'
697 2875 768 2954 Qui
785 2896 864 2940 cum
880 2876 1103 2960 responderet
1118 2896 1156 2941 se
1172 2897 1241 2941 non
1259 2898 1321 2943 au·

369 2974 450 3039 dere
477 2976 542 3040 hoc
569 2975 682 3040 facere
707 2975 750 3040 de
781 2976 848 3053 die,
876 2975 966 3042 dixit
997 2978 1029 3041 ei
1055 2985 1094 3042 ut
1121 2978 1250 3043 iaceret
1276 2979 1319 3044 de

370 3083 492 3153 nocte;
521 3095 590 3159 quo
614 3078 784 3159 indignati
803 3077 966 3142 Saraceni
987 3085 1109 3143 contra
1129 3079 1318 3161 principem

368 3195 482 3254 suum,
497 3177 660 3242 volebant
670 3197 746 3241 eum
762 3178 926 3242 occidere.
966 3177 1189 3242 Adscendens
1203 3186 1320 3244 autem

368 3277 507 3360 quidam
523 3285 561 3340 ut
577 3297 710 3343 crucem
727 3279 924 3362 deponeret,
940 3297 1102 3342 corruens
1116 3279 1320 3362 exspiravit.

369 3377 469 3441 Alius
496 3397 633 3461 quoque
654 3379 695 3442 ad
717 3379 806 3442 idem
826 3379 995 3461 agendum
1016 3379 1241 3458 adscendens,
1263 3401 1321 3446 ca·

368 3496 443 3540 sum
464 3477 608 3542 similem
633 3479 819 3562 experitur.
872 3479 992 3544 Tertia
1017 3498 1099 3544 vero
1119 3479 1174 3543 die
1195 3499 1321 3546 conve-

368 3576 483 3640 niente
520 3597 647 3660 magna
681 3579 910 3656 multitudine,
947 3586 987 3642 ut
1016 3579 1196 3644 aedificium
1232 3581 1316 3646 illud

367 3676 530 3754 dirueret,
562 3679 661 3742 multi
692 3679 734 3742 de
763 3681 812 3743 eis
847 3680 1084 3744 coruscatione
1118 3686 1153 3744 et
1183 3680 1320 3763 fulgure

366 3776 551 3859 perierunt.
604 3778 703 3842 Tunc
721 3779 830 3843 fertur
851 3780 1053 3862 apparuisse
1075 3780 1220 3862 angelus
1243 3782 1319 3846 Do·

368 3893 462 3953 uini,
491 3884 527 3941 et
546 3877 772 3942 clarissimum
796 3880 931 3960 signum
958 3881 1070 3944 crucis
1096 3899 1201 3964 super
1222 3881 1316 3947 illam

366 3977 579 4060 pyramidem
612 3980 778 4061 posuisse.
835 3979 891 4044 Ex
924 4000 992 4062 quo
1024 3980 1153 4045 factum
1179 3989 1246 4061 est,
1279 3991 1318 4049 nt

399 4150 408 4183 ¹
424 4155 605 4205 ‘solemnitate
619 4156 739 4206 Paschali
749 4153 764 4219 ;’
776 4159 814 4208 M.
887 4156 898 4189 ³
915 4158 1029 4208 Omitted
1040 4159 1067 4208 in
1079 4158 1148 4210 D’A.

400 4221 411 4250 ²
426 4224 494 4273 Now
505 4226 640 4277 Moutoire.
