2896 4860
568 393 750 442 inurens.
898 453 902 460 ,
1067 377 1132 443 127

179 558 318 633 temque
340 551 474 615 inerant
491 550 743 616 Saracenorum
761 545 944 630 ladmirati,
962 559 998 616 et
1019 553 1128 617 octin-
1143 571 1282 612 evermu·

178 652 274 733 genti
301 651 406 716 Turci
434 651 545 729 electi,
578 660 614 716 et
645 659 814 734 praeterea
842 652 968 717 diversi
994 655 1131 736 generis
1144 623 1233 723 man
1303 732 1308 741 ¹

178 751 344 817 victualia
360 771 497 816 omnem
511 753 776 816 aestimationem
787 752 1006 832 excellentia;
1027 753 1130 819 habe-

177 853 264 917 bunt
280 861 315 918 et
328 854 446 935 ignem
464 851 625 917 Graecum
642 853 859 917 abundanter
879 853 915 917 in
935 853 1072 937 phialis,
1096 862 1131 920 et

177 952 345 1019 ducentos
362 961 539 1037 serpentes
554 953 874 1037 periculosissimos,
890 947 944 1017 ²in
962 953 1130 1020 Christia-

178 1072 301 1118 norum
329 1054 476 1120 exitium
502 1060 717 1138 procuratos.
779 1053 883 1117 Hanc
907 1073 1029 1118 navem
1052 1075 1131 1119 cnm

177 1146 373 1220 ³didicisset
391 1173 468 1219 esse
488 1153 740 1230 Saracenicam,
763 1172 785 1217 a
807 1153 971 1218 Saladino
992 1156 1131 1220 missam

178 1253 216 1319 in
243 1253 434 1319 subsidium
459 1255 677 1318 obsessorum
702 1254 739 1318 in
767 1252 903 1331 Astron,
924 1254 1032 1338 jussit
1058 1257 1131 1320 suis

176 1372 253 1419 earn
269 1353 407 1420 fortiter
417 1373 630 1438 oppugnare.
683 1354 750 1419 Sed
762 1373 839 1419 cum
858 1356 1048 1438 perciperet
1062 1376 1130 1420 non

178 1455 310 1538 absque
324 1473 451 1538 magno
474 1452 670 1519 discrimine
693 1475 815 1519 navem
839 1455 1007 1538 integram
1030 1474 1132 1538 posse

179 1554 271 1637 capi,
301 1562 342 1621 ut
367 1556 561 1638 galeatores
588 1556 642 1619 sui
666 1562 936 1633 attentaverant,
961 1556 1068 1640 jussit
1094 1565 1133 1621 ut

178 1673 396 1739 unaquaeque
411 1655 512 1739 galea
532 1675 655 1721 navem
673 1666 903 1738 perpungeret
920 1657 1041 1721 rostris
1060 1658 1131 1721 suis

177 1748 345 1820 ⁴lerratis.
399 1755 519 1821 Galeae
543 1756 661 1839 itaque
689 1764 868 1821 retroactae
894 1757 1131 1840 multiplicatis

179 1873 348 1919 remorum
365 1855 521 1939 pulsibus
536 1876 614 1920 cum
635 1856 765 1940 impetn
785 1856 941 1921 feruntur
955 1857 992 1920 in
1009 1876 1132 1921 navem

178 1956 224 2021 ad
241 1954 318 2040 ejus
331 1956 443 2021 latera
458 1957 676 2039 perforanda,
696 1956 883 2040 statimque
901 1957 999 2021 navis
1016 1957 1132 2022 soluta

180 2056 289 2138 mergi
314 2058 432 2142 coepit.
483 2057 591 2123 Turci
608 2076 702 2135 vero,
719 2066 758 2122 nt
775 2065 919 2122 mortem
944 2057 1131 2123 evaderent

178 2156 393 2233 exsilientes,
409 2159 536 2242 partim
549 2158 649 2223 undis
667 2159 792 2242 partim
809 2157 926 2239 gladio
944 2158 1131 2240 perierunt.

177 2256 409 2341 Trigintaque
438 2266 573 2323 tanturn
608 2259 748 2322 retinuit
777 2278 839 2322 rex
865 2257 977 2336 vivos,
999 2266 1131 2340 septem

177 2356 311 2423 scilicet
341 2352 353 2390 ⁶
360 2358 571 2436 admiralios,
602 2367 637 2423 et
666 2359 753 2424 alios
785 2357 1020 2422 machinarum
1050 2377 1132 2422 cou-

178 2457 400 2524 ficiendarum
432 2460 581 2542 peritos;
617 2460 722 2522 ceteri
753 2461 927 2542 perierunt
953 2477 1030 2522 cum
1059 2478 1132 2523 ser-

178 2559 353 2645 pentibus,
368 2560 484 2637 armis,
503 2567 538 2623 et
554 2559 753 2623 victualium
770 2576 898 2640 magna
916 2565 1025 2641 parte,
1044 2578 1133 2624 nave

178 2657 412 2745 pessumdata.

231 2758 312 2824 Rex
324 2778 444 2824 versus
460 2757 583 2824 Achon
601 2759 792 2841 gaudenter
813 2777 1003 2841 properans
1025 2759 1132 2842 septi·
1145 2776 1260 2867 emt

179 2878 238 2924 mo
269 2857 349 2924 idus
378 2859 477 2924 Junii
508 2859 676 2943 applicuit
710 2877 787 2923 cunr
822 2878 947 2942 magno
977 2860 1132 2924 exercitu
1144 2837 1274 2966 {³3⁸⁰

180 2959 409 3038 bellatorum
442 2959 498 3024 cui
521 2959 640 3025 statim
664 2966 908 3025 concurrentes
936 2959 1068 3035 Pisani,
1095 2929 1229 3023 se³¹¹⁰‘'

180 3059 257 3145 ejus
286 3059 460 3143 obsequiis
487 3061 739 3143 manciparunt.
791 3059 879 3124 Cum
905 3068 1020 3123 autem
1045 3058 1132 3122 didi-

180 3161 286 3226 cisset
299 3180 414 3244 regem
431 3161 588 3226 Franciae
599 3160 745 3243 singulis
759 3159 925 3224 militibus
941 3178 1004 3242 pro
1018 3178 1132 3224 mense

182 3261 337 3345 quolibet
353 3268 423 3325 tres
438 3280 561 3325 aureos
578 3261 671 3338 dare,
688 3261 763 3344 ipse
781 3261 972 3343 quibusque
989 3259 1132 3324 volenti·

181 3361 247 3425 bus
275 3360 458 3444 stipendiis
486 3362 558 3425 suis
595 3361 743 3426 militare
776 3369 926 3444 quatuor
964 3362 1133 3443 erogavit.

183 3459 271 3527 Post
301 3460 375 3525 dies
411 3469 527 3526 autem
560 3480 688 3545 paucos
719 3461 959 3543 gravissimam
991 3461 1133 3526 incurrit

182 3560 434 3644 aegritudinem,
464 3581 542 3644 quae
576 3561 681 3643 vulgo
715 3561 872 3626 arroldia
902 3568 1058 3638 vocatur,
1089 3581 1133 3625 ex

216 3719 226 3754 ¹
242 3724 251 3752 ‘
263 3722 380 3773 admirali
390 3717 411 3771 l’
428 3738 456 3771 or
469 3723 477 3749 ‘
489 3721 616 3771 admiralii
624 3722 647 3771 τ’
671 3720 712 3770 the
723 3721 786 3783 king
792 3720 821 3769 οἰ
830 3721 925 3770 France
934 3721 1039 3784 making
1050 3736 1097 3771 nse
1108 3720 1137 3770 oi

184 3793 250 3843 inira
671 3791 773 3854 petnrds
785 3791 835 3840 and
844 3793 1000 3853 mangonels.

216 3859 514 3945 'TthP‘fssw'
523 3867 647 3925 ‘mem’
706 3867 738 3915 'y‘
751 3901 809 3935 cum
827 3901 870 3934 rex
887 3886 1013 3935 Ricardns
1030 3885 1135 3934 didicis·

181 3933 278 3997 though
299 3934 417 3983 'l'nvetus
437 3948 519 3984 seems
538 3938 564 3982 to
586 3931 645 3981 taire
671 3952 733 4016 sets
746 3955 793 4005 Ar·

181 4004 249 4054 them
269 4005 295 4053 in
316 4003 358 4054 the
376 4003 460 4053 literal
481 4018 563 4065 sense,
579 4017 646 4051 were
707 4040 716 4070 ⁴
734 4045 741 4071 ί
750 4042 764 4091 f
791 4044 835 4092 ,fi
858 4038 871 4070 Ι,
884 4037 939 4091 Μ

182 4076 304 4139 pronam
320 4091 337 4125 a
355 4074 417 4125 kim
435 4074 465 4124 or
485 4073 601 4123 sevon
620 4077 646 4121 to
762 4058 815 4092 ⁸¹¹³
837 4058 864 4103 ⁸2
945 4077 951 4092 ·

183 4147 215 4197 be
231 4146 328 4197 thrown
345 4146 379 4208 by
399 4161 415 4194 s
431 4144 546 4195 machine
564 4159 593 4193 or
612 4145 644 4203 by
706 4140 716 4170 ⁶
733 4141 887 4189 ‘admiratos
896 4136 909 4199 ;'
924 4142 982 4191 Cnd.
991 4141 1137 4202 menan-

182 4216 259 4270 hand.
284 4214 644 4281 Immsdm.llbt‚wellnd
673 4209 785 4271 mirals5'
802 4212 845 4260 Fr.
856 4211 899 4261 Tr.
