2896 4860
529 430 709 480 auulsas.
1032 412 1097 476 105

138 585 310 665 drensem,
333 586 393 650 sed
414 586 702 671 complementum
719 607 787 652 nou
811 585 943 668 accepit
966 605 1095 669 quous·

138 706 205 770 que
230 706 332 751 suum
355 688 543 770 imperator
563 689 768 771 praebuisset
792 705 981 750 assensum.
1034 685 1098 751 Jo-

136 804 259 867 annes,
281 787 373 851 filius
393 788 497 870 regis,
520 808 679 853 reversus
702 796 756 852 est
776 787 818 850 de
844 785 1016 852 Hibernia
1041 787 1098 852 de·

138 887 229 952 cimo
247 896 350 953 sexto
366 888 529 953 calendas
546 888 570 952 J
573 889 718 953 aunarii.

176 1089 202 1126 o.
215 1090 241 1126 ll.
252 1090 272 1126 5.
283 1090 308 1127 0.
395 1090 418 1126 l’.
432 1090 594 1140 ROMNQRUH
609 1091 634 1128 R.
728 1090 881 1126 stanconam
930 1089 1071 1125 auctionum

168 1176 311 1215 Hel-xxm.
349 1176 445 1213 uastat
457 1176 496 1214 111.
523 1176 656 1214 tannetum
668 1074 914 1302 l.
931 1177 1036 1213 flzualct
1049 1177 1080 1214 11.

434 1269 440 1283 .
797 1240 821 1285 5.
990 1238 1030 1284 82.

191 1392 374 1457 Monimou
394 1391 573 1458 Galsridus
595 1392 666 1458 dux
690 1394 895 1472 Britanniae,
914 1396 1006 1478 regis
1021 1393 1096 1459 An·
1112 1419 1214 1460 nunu

140 1493 277 1577 glorum
296 1492 387 1557 filius
403 1493 525 1558 tertius
539 1515 548 1573 ;
571 1502 607 1559 et
623 1495 782 1577 sepultus
798 1504 851 1560 est
869 1490 1043 1572 'Parisiis
1062 1496 1097 1559 in
1111 1471 1189 1561 litu

139 1592 289 1659 ecclesia
317 1594 428 1658 beatae
459 1592 629 1677 Virginis,
661 1602 744 1660 ante
781 1616 945 1679 magnum
976 1596 1096 1661 altare.
1110 1571 1215 1620 Bm*

142 1694 214 1759 Hic
241 1713 284 1758 cx
310 1713 420 1759 uxore
446 1692 654 1760 Constantia
686 1715 789 1760 unam
819 1696 923 1761 tiliam
952 1697 1096 1775 habens,

143 1795 284 1860 nomine
312 1794 524 1873 Alienorum,
551 1814 695 1859 uxorem
724 1797 988 1879 impraegnatam
1016 1797 1095 1860 reli·

142 1895 232 1978 quit.
284 1894 365 1960 Hoc
382 1914 474 1959 auno
496 1896 619 1959 beatus
641 1889 780 1978 ²Hugo,
802 1897 895 1979 prior
915 1898 1096 1981 cujusdam
1109 1920 1250 1969 senuaar

143 1994 265 2060 domus
289 1995 419 2061 ordinis
442 1994 611 2060 Certusiae
633 1996 668 2060 in
693 1996 833 2061 dioecesi
857 1996 1096 2076 Batboniensi,
1109 1970 1206 2011 ”m

142 2104 351 2180 procurante
384 2115 466 2178 rege
498 2097 542 2160 ob
571 2096 772 2180 religionem
801 2106 835 2161 et
865 2099 1097 2177 sanctitatem,

142 2216 247 2280 quam
262 2197 299 2260 in
313 2216 355 2262 eo
371 2196 555 2280 plurimum
569 2194 812 2276 venerabatur,
829 2206 1026 2281 assumptus
1044 2205 1098 2262 est

143 2297 186 2362 ad
206 2297 457 2362 Lincolnieusis
470 2298 625 2362 ecclesiae
642 2297 878 2382 praesulatum.
922 2298 1097 2363 Henricus

143 2417 206 2462 rex
221 2398 447 2476 Teutonicus,
460 2398 552 2462 lilius
566 2399 796 2482 imperatorie,
810 2399 911 2463 duxit
927 2399 1096 2464 Constan-

143 2498 241 2576 tiam,
255 2499 397 2563 amitam
415 2498 583 2564 Willelmi
601 2500 692 2583 regis
711 2498 850 2566 Siciliae.

193 2598 304 2663 Sexto
321 2599 441 2664 Martii
460 2599 567 2681 juxta
585 2599 776 2665 Gisortium
798 2601 938 2664 redacta
957 2608 1037 2664 sunt
1053 2601 1096 2664 ad
1110 2624 1185 2666 uuae

1110 2680 1191 2716 0'01121·

143 2719 264 2783 pacem
282 2708 318 2764 et
333 2699 564 2777 concordiam,
584 2719 662 2783 quae
687 2703 910 2765 vertebantur
931 2702 1020 2764 inter
1042 2721 1096 2764 re·

144 2820 223 2883 gem
248 2798 460 2865 Francorum
487 2806 524 2864 et
549 2801 706 2865 comitem
739 2801 924 2879 Flaudriae,
954 2801 995 2864 de
1024 2809 1098 2864 toto

145 2907 340 2966 tenemento
361 2900 538 2983 Radulphi
561 2901 734 2983 quondam
756 2902 892 2966 comitis
914 2901 1099 2964 Viroman-

144 3001 279 3066 dorum.
331 3001 531 3082 Quinetiam
561 3003 720 3085 quaestio,
750 3023 828 3085 quac
859 3010 953 3066 mota
985 3001 1099 3067 fuerat

143 3100 237 3166 inter
261 3122 375 3186 regem
403 3102 597 3185 Anglorum
621 3111 656 3168 ct
678 3102 914 3184 Margaretam
943 3102 1097 3166 relictam

143 3201 206 3267 lilii
233 3204 288 3267 sui
314 3203 417 3286 regis,
444 3211 515 3266 tam
537 3223 643 3287 super
668 3203 747 3267 dote
771 3223 834 3267 sua
862 3222 966 3287 quam
995 3223 1099 3287 super

143 3302 330 3368 donatione
361 3310 502 3386 propter
537 3304 690 3386 nuptias,
722 3303 893 3368 amicabili
927 3305 1097 3385 composi·

144 3405 238 3468 tione
264 3402 366 3468 finem
387 3403 533 3486 accepit.
586 3404 666 3468 Rex
696 3402 903 3486 Anglorum,
926 3423 996 3468 una
1019 3424 1097 3468 cum

144 3505 279 3586 regina,
312 3503 348 3567 in
378 3501 543 3585 Angliam
575 3504 758 3582 transiens,
786 3506 822 3568 in
855 3514 956 3589 portu
989 3504 1098 3568 Ham-

143 3603 425 3686 tonaeapplicuit
447 3603 569 3687 quinto
592 3605 657 3669 cal.
685 3604 784 3669 Maii.
836 3605 1032 3670 Willelmus
1055 3605 1097 3668 de

144 3704 250 3783 Vecr,
269 3705 322 3768 vir
343 3703 467 3767 nobilis
491 3724 629 3786 genere,
655 3713 876 3770 consecratus
903 3713 956 3769 est
983 3706 1018 3768 in
1043 3704 1098 3768 die

143 3805 179 3870 S.
197 3804 376 3869 Laurentii
393 3804 428 3868 in
449 3805 649 3888 episcopum
671 3805 972 3870 Heresordensem.
1012 3802 1099 3868 Wil-

181 4013 190 4047 ¹
204 4017 213 4045 ‘
225 4017 342 4066 Perisius
352 4014 368 4077 3'
384 4016 419 4066 all
437 4016 479 4066 the
492 4016 568 4069 MSS.
579 4022 609 4065 ut
634 4015 691 4065 lour
703 4016 790 4078 priour
852 4017 1012 4104 etauderepn
1069 4018 1098 4102 lu

143 4103 296 4208 ωξτῗὲοὶηῐ
314 4156 459 4207 Hauc...
479 4158 608 4219 primierc·
634 4085 838 4209 ¹liltlcllldmubeedl
840 4089 993 4221 ehilllcillaleb’y
1001 4089 1100 4210 llddull1

144 4234 212 4279 ment
228 4228 257 4278 lu
272 4227 397 4280 chanoine
413 4229 491 4289 ruler,
509 4229 533 4278 ta
549 4230 608 4292 puis
636 4228 724 4278 Carth.
738 4232 810 4278 lato.
