2896 4860
70 891 72 895 ⁷
176 888 306 924 u.u.s.c.
395 888 633 925 nnouxuonuua.
706 879 886 949 lraxuoouuu
941 868 1081 925 auomauu'

551 408 733 459 euxinus.
1050 393 1117 458 275

159 586 306 649 scopus:
334 567 570 650 successitque
593 566 624 630 ei
648 566 824 631 Robertus
850 567 892 631 de
916 559 1114 632 ¹Wiuchin·

159 675 253 744 tona,
272 667 424 752 ejusdem
440 666 595 731 ecclesiae
613 666 775 733 decanus.

211 1176 429 1241 Euwanous
467 1175 558 1239 lilius
590 1177 681 1258 regis
713 1175 865 1258 Angliae‚
903 1196 984 1240 cum
1022 1177 1267 1277 Eed-ffiffiggv

160 1275 286 1340 mundo
308 1295 472 1357 germano
495 1295 558 1339 suo
581 1276 726 1358 aliisque
749 1276 905 1359 pluribus
927 1277 1111 1356 nobilibus,
1124 1287 1255 1338 uoluunt·

159 1377 225 1440 iter
247 1377 533 1459 peregrinationis
550 1376 586 1440 in
606 1376 749 1441 Terram
775 1376 939 1442 Sanctam
965 1379 1111 1461 arripuit

160 1496 276 1541 mense
304 1477 411 1540 Maio.
464 1477 587 1541 Mense
615 1496 697 1541 vero
726 1475 888 1560 Augusto
916 1477 1110 1555 infirmitas,

160 1597 238 1661 quae
269 1578 418 1640 maxime
446 1577 505 1642 illo
535 1584 690 1659 tempore
717 1578 809 1642 circa
831 1578 979 1642 confinia
1006 1580 1111 1642 maris

161 1678 284 1759 viguit,
302 1678 335 1740 in
352 1678 505 1741 exercitu
521 1677 795 1743 Christianorum
812 1672 932 1742 ²nimis
950 1679 1109 1742 invaluit.

162 1777 259 1842 lnter
282 1777 431 1861 majores
452 1779 562 1860 primo
586 1780 729 1843 moritur
741 1779 896 1843 Joannes
914 1799 1027 1843 comes
1046 1778 1111 1843 Ni-

161 1878 350 1954 vcrnensis,
383 1878 473 1959 regis
506 1879 717 1943 Francorum
749 1879 857 1959 lilius3
889 1887 1012 1962 postea
1041 1880 1111 1962 epi·

160 1997 286 2059 scopus
300 1976 519 2054 Albaneusis,
544 1979 729 2043 cardinalis
754 1988 789 2043 et
805 1980 1112 2063 apostolicaesedis

159 2078 318 2159 legatus3
348 2085 521 2161 postremo
548 2079 671 2142 beatus
697 2078 892 2143 Lodovicus
914 2100 975 2144 rex
999 2081 1110 2145 Fran·
1124 2089 1232 2180 ffiffi

160 2197 278 2242 corum
294 2177 621 2255 christianissimus,
644 2180 680 2242 iu
701 2179 853 2243 crastino
873 2180 908 2244 S.
930 2179 1111 2245 Bartholo
1124 2192 1247 2240 Arctatu-

161 2279 238 2342 maei
261 2278 422 2360 apostoli,
440 2298 462 2342 a
479 2299 586 2360 regno
602 2278 782 2362 temporali
797 2280 934 2344 transiit
951 2280 995 2343 ad
1012 2286 1110 2344 aeter·

162 2399 254 2445 num.
308 2377 421 2456 Quam
451 2378 596 2442 feliciter
625 2388 742 2444 autem
765 2400 828 2444 rex
854 2380 920 2444 iste
947 2382 1111 2444 termina·

88 2499 93 2507 ·
162 2480 250 2543 verit
272 2472 442 2561 ³[vitarn]‚
467 2499 529 2543 rex
562 2478 732 2544 Navarrae
755 2479 894 2545 domino
911 2479 1111 2544 Tusculano

161 2599 222 2662 per
245 2579 379 2643 litteras
407 2580 591 2643 intimavit.
645 2579 737 2643 Nam
764 2578 799 2642 in
823 2580 1021 2645 infirmitate
1047 2600 1112 2644 sua

161 2678 301 2743 laudare
318 2699 442 2743 nomen
455 2679 526 2742 Dm
546 2700 613 2744 non
632 2681 794 2756 cessavit,
810 2679 905 2744 illam
920 2681 1109 2744 orationem

160 2779 369 2861 aliquotiens
396 2780 635 2855 interserebat,
662 2782 764 2845 ‘Fac
800 2799 874 2858 nos,
900 2799 1111 2864 quaesumus,

162 2879 323 2956 Domine,
341 2899 506 2962 prospera
525 2880 641 2943 mundi
661 2880 847 2963 despicere,
869 2888 904 2944 et
922 2880 1018 2943 nulla
1035 2881 1111 2964 ejus

160 2979 307 3044 adversa
322 2980 525 3044 formidare!
577 2979 710 3045 Orabat
730 2990 764 3045 et
781 3000 843 3063 pro
862 2979 992 3063 populo
1009 3000 1111 3064 quem

158 3099 274 3145 secum
284 3081 489 3156 adduxerat,
502 3080 631 3157 dicens,
641 3086 650 3115 ‘
660 3081 758 3158 Esto,
768 3080 930 3158 Domine,
941 3080 1031 3163 plebi
1041 3090 1111 3145 tuae

159 3180 395 3245 sanctificator
415 3187 450 3245 et
469 3181 611 3245 custos!
664 3182 802 3245 Etcum
818 3182 1112 3264 appropinquaret

160 3282 204 3345 ad
232 3281 346 3359 linem,
368 3283 527 3363 suspexit
554 3282 589 3344 iu
612 3280 738 3345 coelum
770 3281 899 3358 diceus,
932 3281 1111 3345 ‘Introibo

158 3381 194 3444 in
222 3382 360 3446 domum
380 3389 489 3456 tuam,
516 3381 668 3445 adorabo
694 3381 738 3444 ad
762 3382 927 3463 templum
953 3389 1111 3445 sanctum

160 3488 269 3558 tuum,
281 3490 316 3545 et
329 3481 518 3546 confitebor
534 3481 662 3544 nomini
677 3487 750 3556 tuo,
765 3479 936 3544 Domine.'
977 3482 1024 3544 Et
1036 3480 1110 3545 haec

160 3581 289 3657 diceus,
307 3581 514 3644 obdormivit
533 3582 569 3644 in
587 3580 749 3644 Domino.
802 3573 882 3644 ⁴Cui
896 3581 1061 3646 successit
1074 3580 1110 3643 iu

161 3700 267 3762 regno
282 3680 374 3744 filius
389 3681 465 3765 ejus
482 3679 674 3763 Philippus.

196 3870 507 3936 ¹⁴Winchamptoniae3’
532 3868 621 3923 D'A.:
682 3868 796 3920 ⁸Hull‘s
807 3870 930 3920 addition.
955 3869 1112 3933 Wantingiu

158 3944 290 3994 ‘wicham
299 3939 313 4004 ;'
326 3943 461 3992 Μάλης
473 3943 481 3970 ‘
492 3942 623 3991 witham·
647 3943 682 3991 ull
693 3940 736 3990 tho
748 3940 824 3991 MSS.

160 4022 219 4063 tona
229 4011 244 4074 ς’
258 4016 318 4064 Cod.
331 4015 413 4076 Bega
433 4011 508 4074 infra,
519 4014 551 4061 ad
564 4027 622 4063 ann.

163 4089 237 4135 rust.
684 4080 694 4112 ⁴
713 4081 837 4142 Compare
853 4079 904 4128 this
916 4077 978 4127 with
991 4078 1033 4126 the
1048 4083 1114 4128 most

197 4153 208 4183 ²
222 4156 316 4204 ‘minis
322 4150 336 4214 ;’
351 4155 409 4204 Cod.
419 4155 495 4215 Roga
507 4146 623 4211 ‘minues
648 4152 796 4214 interesting
813 4151 939 4200 narrative
958 4147 987 4198 ol
999 4147 1039 4198 his
1060 4149 1114 4199 bio·

163 4227 202 4277 M.
650 4220 908 4284 graphas-luimus

271 4315 274 4319 '
917 4318 934 4355 'e
945 4309 961 4353 2
