2896 4860
328 382 374 450 48
685 401 760 449 ruo.
777 400 925 450 rnrvnrr

167 591 269 631 Dm
329 560 388 622 sis.
432 558 475 621 In
487 558 607 641 vigilia
620 557 656 624 S.
672 557 917 622 Bartholomaei
933 556 1204 622 obiitAdrianus
1217 577 1282 641 pa·

165 642 307 732 iiim
329 679 386 742 pa,
404 678 482 722 cnm
499 659 644 724 sedisset
663 658 762 721 annis
779 665 938 740 quatuor,
956 658 1131 722 mensibus
1148 666 1227 722 octo
1244 666 1282 723 et

329 760 448 824 diebus
476 779 611 836 novem,
640 767 675 823 et
703 759 840 823 vacavit
865 757 964 822 sedes
990 757 1111 822 diebus
1132 778 1280 837 novem3

330 860 553 943 sepultusque
569 860 671 923 estin
687 859 860 923 Vaticano
871 858 978 942 juxta
994 877 1120 941 corpus
1131 858 1281 941 Eugenii

328 979 441 1044 papae.
494 959 565 1024 Hic
587 967 737 1023 castrum
761 967 881 1023 contra
903 959 1016 1022 lacum
1036 966 1168 1023 sauctae
1186 956 1282 1023 Cris·

329 1061 423 1139 tiuae,
445 1067 480 1124 et
495 1060 623 1123 multas
646 1059 880 1142 possessiones
903 1077 924 1121 a
942 1059 1124 1123 comitibus
1139 1078 1282 1141 compa-

329 1161 432 1224 ravit.
494 1160 567 1226 Cal.
595 1159 806 1241 Septembris
833 1157 1015 1222 Rolandus
1040 1159 1281 1238 cancellarius,

330 1260 421 1324 tituli
447 1261 557 1325 sancti
581 1260 692 1324 Marci
715 1259 895 1341 presbyter
913 1259 1109 1336 cardinalis,
1138 1259 1280 1325 natione

330 1361 478 1438 Tuscus,
504 1361 617 1443 patria
643 1359 817 1435 Senensis
845 1359 880 1422 in
912 1377 1037 1442 papam
1067 1358 1219 1441 eligitur,
1244 1369 1281 1426 et

330 1468 474 1526 vocatus
494 1469 546 1524 est
564 1457 763 1523 Alexander
780 1458 853 1523 ΙΙΙ.
871 1458 1011 1523 Electus
1026 1467 1080 1524 est
1095 1460 1139 1524 ab
1156 1460 1279 1542 aliqui·

331 1563 393 1625 bus
416 1560 647 1623 cardinalibus
670 1552 912 1634 'Octavianus
934 1559 1026 1623 tituli
1043 1559 1077 1624 S.
1092 1559 1218 1624 Mariae
1241 1561 1278 1626 ia

330 1654 540 1742 ²Cosmodyn
552 1660 729 1743 presbyter
740 1659 935 1735 cardinalis,
951 1660 1057 1742 quise
1069 1661 1184 1724 vocari
1196 1660 1280 1727 fecit

332 1761 508 1825 Victorem
528 1760 678 1837 tertium,
702 1768 736 1823 et
754 1768 927 1842 potestate
950 1768 1130 1842 parentum
1148 1761 1279 1827 invasit

330 1868 507 1943 papatum,
523 1861 771 1942 suscitavitque
789 1860 949 1924 schisma.

257 2001 280 2040 f,
380 1961 542 2025 Terricus
563 1979 677 2024 comes
705 1960 876 2025 Flandrioe
898 1960 999 2024 rediit
1015 1961 1050 2024 in
1069 1960 1278 2042 Jerusalem,

330 2061 429 2143 cujus
455 2079 557 2136 uxor,
584 2061 692 2123 invito
720 2061 856 2138 marito,
879 2061 1042 2125 remansit
1065 2080 1141 2125 cam
1171 2064 1280 2128 abba.

330 2162 416 2224 tissa
444 2161 480 2225 S.
506 2155 646 2224 ³Lazari
681 2161 715 2223 in
748 2161 930 2226 Bethania.
983 2161 1106 2226 Mense
1132 2162 1277 2228 Octobri

331 2260 505 2325 Hearicus
529 2281 592 2324 rex
614 2257 764 2342 Angliae,
792 2262 924 2325 munita
945 2262 1085 2326 civitate
1108 2261 1277 2329 Caturco-

330 2382 404 2425 rum
428 2370 464 2427 et
487 2361 725 2426 commendata
747 2361 891 2425 Thomae
911 2363 1117 2426 cancellario
1141 2383 1217 2441 suo,
1240 2377 1277 2430 et

329 2462 506 2545 dispositis
531 2461 731 2526 custodibus
751 2462 959 2544 auxiliisque
984 2463 1019 2526 in
1042 2463 1127 2527 locis
1149 2483 1277 2547 oppor-

330 2563 434 2640 tunis,
458 2564 491 2626 in
518 2562 766 2626 Normanniam
788 2569 842 2626 est
858 2582 1026 2627 reversus.
1077 2557 1279 2646 ⁴Progredi·

330 2682 459 2746 ensqae
475 2662 554 2726 inde
571 2664 607 2725 in
623 2681 751 2744 pagum
770 2662 1015 2727 Belvacensem
1030 2662 1131 2727 villas
1148 2664 1278 2730 multae

328 2763 528 2838 combussit,
552 2761 799 2845 castellumque
821 2762 1085 2826 munitissimum
1105 2758 1277 2830 ⁵Guerbe-

329 2882 389 2945 ray
420 2862 604 2936 destruxit,
631 2870 778 2944 excepta
806 2863 954 2944 quadam
976 2862 1150 2942 firmitate,
1170 2884 1274 2947 quam

329 2982 372 3026 ne
385 2970 549 3044 caperent
564 2961 717 3026 homines
740 2964 843 3043 regis,
858 2963 948 3045 ignis
974 2963 1150 3046 prohibuit
1168 2973 1275 3049 atque

328 3062 451 3126 sumas.
482 3061 601 3127 Simon
612 3082 727 3126 comes
737 3062 955 3127 Ebroicensis
968 3064 1108 3129 tradidit
1119 3063 1275 3130 Hearico

328 3163 401 3243 regi
429 3161 567 3245 Angliae
601 3163 781 3226 firmitates
814 3181 908 3239 suas,
940 3183 1026 3246 quas
1060 3164 1209 3230 habebat
1238 3167 1274 3230 in

331 3262 489 3339 Francia,
507 3262 667 3327 videlicet
689 3257 996 3345 ⁶Rupem·t'ortem‚
1025 3263 1274 3348 Esperlionem‚

328 3370 363 3426 et
384 3363 590 3428 munitiones
613 3363 712 3440 alias,
735 3364 824 3447 quod
848 3382 974 3445 magno
989 3364 1193 3430 detrimento
1209 3364 1277 3431 suit

327 3464 401 3545 regi
426 3463 649 3541 Francorum,
672 3464 820 3547 eoquod
846 3483 914 3528 non
938 3465 1052 3547 potuit
1066 3465 1171 3530 libere
1194 3486 1275 3549 pro·

327 3563 447 3627 cedere
460 3564 502 3628 de
516 3556 688 3641 'Parisiis
699 3562 909 3640 Aurelianis,
923 3564 979 3628 vel
995 3564 1155 3648 stampis,
1171 3586 1276 3650 prop·

328 3671 380 3727 ter
406 3663 638 3740 Normannos,
667 3683 754 3746 quos
785 3671 948 3746 posuerat
978 3683 1040 3728 rex
1070 3663 1209 3748 Angliae
1238 3668 1274 3732 in

362 3863 369 3894 ¹
383 3867 390 3893 ‘
402 3866 559 3915 octovianus
570 3861 584 3926 ;’
594 3867 654 3916 Cod.
666 3866 729 3928 Reg.
737 3865 787 3916 aad
814 3866 890 3926 beroy
900 3860 914 3927 ;'
923 3864 970 3916 Ar.
989 3866 1056 3915 Now
1064 3867 1204 3929 Gerberoy,
1215 3883 1277 3919 near

327 3932 394 3986 uA.
406 3937 568 3999 throughout.
814 3936 951 3985 beauvais.

360 4003 371 4036 ¹
387 4008 395 4035 ‘
409 4006 542 4056 Coemedin
553 4000 566 4067 ;'
579 4004 626 4055 Ar.
845 4002 856 4034 ⁶
872 4006 911 4055 M.
927 4006 975 4055 aad
995 4005 1042 4056 Ar.
1061 4007 1112 4056 add
1127 4010 1135 4036 ‘
1149 4008 1276 4059 Montem-

361 4073 372 4104 ³
387 4078 395 4104 ‘
410 4078 507 4126 Lazarii
519 4071 533 4137 ;'
545 4076 605 4125 MS.
616 4077 679 4138 Rrg.
814 4073 923 4125 fortem)

361 4143 371 4174 ⁴
387 4148 395 4175 ⁴
409 4147 577 4209 Progrediens
589 4147 647 4196 inde
655 4141 671 4207 ;‘
683 4141 751 4195 D'A,
846 4143 856 4175 ⁷
873 4146 916 4194 All
927 4146 969 4195 tbe
982 4148 1057 4198 MSS.
1069 4148 1118 4198 aad
1129 4149 1198 4201 D’A.
1209 4149 1275 4200 bare

362 4215 372 4246 ⁵
388 4219 556 4279 ‘Guerberey
566 4213 581 4278 ς’
604 4219 643 4267 Μ.
683 4215 786 4267 ‘Guer
811 4211 967 4266 ‘Parietina'
