2896 4860
379 405 446 471 374
737 418 812 468 mc.
834 417 982 466 rarvnrr

221 600 352 649 nmmos
435 578 522 644 Post
555 579 628 643 baec
663 585 801 643 vastata
833 585 886 642 est
912 576 996 641 villa
1025 575 1061 640 S.
1089 573 1249 652 Andreae,
1273 596 1332 640 ne·

221 649 370 741 ll'sslfilnwl
384 681 474 744 mine
498 680 689 744 resistente.
742 679 877 743 Exinde
901 697 963 760 per
992 676 1157 742 forestem
1184 677 1226 741 de
1258 676 1332 741 Sel·

221 750 356 801 mmd'
384 779 484 844 kirke
515 787 683 844 venerunt
721 777 861 861 Anglici
898 779 941 844 ad
982 784 1133 842 castrum
1173 777 1216 842 de
1248 777 1334 856 Are,

386 881 476 964 quod
511 879 687 945 Robertus
714 880 757 943 de
789 880 879 943 Brus
908 878 1045 960 fugiens
1079 879 1242 956 incendit,
1270 897 1332 942 va·

385 1001 555 1064 cuumque
589 980 753 1064 reliquit;
796 988 1084 1063 transeuntesque
1115 998 1178 1062 per
1207 978 1333 1043 vallem

383 1081 557 1147 Anandiae
573 1088 737 1164 ceperunt
751 1089 902 1146 castrum
921 1081 964 1144 de
975 1072 1206 1144 ¹Loumaban.
1245 1078 1334 1144 Cum

386 1190 503 1247 autem
533 1183 683 1247 venisset
712 1200 773 1246 rex
798 1180 1007 1257 carleolum,
1030 1180 1173 1244 comites
1191 1179 1335 1244 Herfor·

386 1283 453 1346 diae
474 1291 509 1347 et
526 1282 723 1347 Marescalli
741 1282 880 1346 licentia
895 1289 1040 1363 eccepto
1058 1280 1102 1344 ad
1123 1280 1262 1363 propria
1280 1300 1334 1345 re-

386 1383 534 1448 dieruut.
588 1382 666 1447 Rex
698 1401 780 1446 vero
807 1382 917 1465 primo
953 1381 1183 1458 Dunelmiam,
1211 1380 1334 1445 deinde

387 1503 497 1567 usque
531 1477 727 1558 ²Tinemue,
768 1489 803 1546 et
840 1481 920 1546 inde
955 1501 1064 1566 usque
1097 1475 1336 1564 ⁸Godbingam

383 1584 490 1668 juxta
531 1584 756 1648 Beverlacum
792 1601 1008 1665 progressus
1042 1581 1167 1646 ibidem
1196 1580 1338 1646 Natalis

390 1684 530 1748 Domini
553 1684 677 1747 festum
700 1683 842 1765 peregit.
896 1682 982 1747 Post
1004 1682 1097 1766 quod
1120 1701 1240 1747 versus
1257 1702 1337 1765 par·

390 1792 440 1849 tes
464 1784 561 1865 regni
584 1783 753 1858 australes
775 1783 841 1847 iter
862 1803 963 1846 suum
985 1783 1122 1848 direxit.

225 1904 329 1945 maior
439 1884 568 1948 Eodem
598 1903 689 1948 anno
714 1877 902 1947 *Albertus
931 1883 1003 1946 dux
1028 1881 1193 1961 Austriae,
1216 1891 1338 1949 contra

225 1955 308 2004 Adelph
317 1954 354 1993 tlre

225 2016 259 2096 εἷς
277 2015 347 2095 ⁸mre..-
388 1983 555 2050 Adulfum
587 2004 703 2066 regem
736 1984 972 2047 Romanorum
1011 1983 1191 2061 dimicanS,
1224 1984 1335 2067 ipsum

226 2107 274 2146 non
288 2105 311 2144 or
387 2084 557 2150 interfecit
579 2085 615 2149 in
638 2103 780 2166 camp03
805 2091 840 2148 et
858 2083 928 2148 cito
951 2091 1040 2166 post,
1062 2085 1098 2147 in
1122 2104 1238 2167 regem
1262 2084 1337 2148 Ro-

226 2156 316 2247 llltb
387 2204 566 2250 manorum
595 2185 671 2249 loco
702 2184 819 2248 Adulli
852 2184 993 2262 electus,
1021 2184 1219 2250 solemniter
1243 2204 1340 2250 coro-

225 2256 319 2298 ΔΜ
387 2293 501 2349 natur.
574 2285 702 2349 Petrus
737 2293 772 2349 et
803 2284 958 2349 Jacobus
992 2285 1035 2349 de
1066 2284 1248 2363 Columna,
1280 2285 1339 2350 de·

389 2393 522 2450 structo
548 2394 662 2449 castro
693 2386 736 2450 de
764 2384 945 2461 Columna,
973 2383 1111 2468 fugiunt
1135 2386 1336 2464 Praeneste;

389 2486 449 2550 ubi
470 2487 513 2549 ab
533 2485 688 2549 exercitu
713 2504 814 2568 papae
838 2485 982 2562 obsessi,
1003 2485 1142 2550 tandem
1165 2506 1203 2551 se
1225 2486 1337 2550 bumi-

389 2585 487 2663 liant,
519 2593 554 2650 et
586 2585 699 2650 idibus
732 2584 893 2651 Octobris
924 2585 966 2649 ad
1003 2605 1129 2669 papam
1160 2587 1339 2651 venientes

225 2709 360 2750 urrunnun
388 2685 522 2750 veniam
547 2686 725 2769 postulant
744 2685 788 2750 de
811 2687 1014 2750 commissis.
1068 2686 1197 2751 Beatus
1224 2687 1338 2752 Ledo-

225 2760 368 2801 ⁰‘⁸‘L⁰¹¹¹⁸'
388 2786 497 2864 vicus,
528 2786 563 2850 in
589 2787 741 2851 crastino
772 2786 808 2850 S.
838 2786 1097 2864 Bartholomaei,
1121 2789 1163 2852 de
1185 2787 1263 2852 loco
1285 2808 1339 2853 se-

387 2887 497 2970 pulcri
528 2887 563 2950 in
596 2906 737 2970 capsam
770 2887 967 2969 pretiosam,
1002 2888 1046 2951 ad
1074 2887 1139 2952 hoc
1166 2895 1339 2970 paratam,

388 2986 605 3051 transfertur.
660 2987 783 3050 Frater
812 2985 979 3051 Nicolaus
1003 2987 1046 3051 dc
1072 2988 1243 3065 Trevisio,
1266 3008 1339 3053 ma·

387 3087 496 3169 gister
530 3086 659 3151 ordinis
693 3086 977 3162 Praedicatorum,
1010 3088 1054 3151 ad
1085 3089 1337 3154 cardinalatum

387 3194 597 3268 assumptus,
613 3187 652 3251 lit
669 3188 850 3270 episcopus
869 3185 1050 3251 Ostiensis.

227 3713 335 3753 remae
439 3684 542 3749 Para
570 3685 783 3764 Bonifacius,
815 3689 1102 3754 submissionibus
1135 3712 1252 3775 regum
1287 3714 1340 3758 re-

224 3768 355 3914 Ξὶζέιὲὲηα
386 3786 508 3868 ceptis,
538 3805 655 3869 pacem
689 3795 725 3851 et
754 3789 971 3853 concordiam
1004 3791 1220 3874 interreges
1249 3794 1340 3858 ordi·

422 4011 427 4041 ¹
448 4015 495 4064 ie.
506 4016 672 4067 Locbrnaben.
909 4016 1124 4083 ’‘Cotbyngbam
1133 4015 1153 4081 ;’
1171 4022 1189 4071 i.
1198 4037 1222 4070 e.
1236 4021 1340 4075 Cotteu-

874 4089 950 4139 bam:
965 4090 1041 4140 Hem.
1055 4096 1115 4150 16⁷3
1133 4092 1212 4141 Wala.
1224 4096 1265 4143 76.

420 4151 430 4183 ²
446 4156 465 4204 i.
478 4171 502 4204 e.
522 4156 680 4208 Tinemoutb.
712 4159 849 4209 ‘Tinenru-
908 4158 918 4189 ⁴
935 4161 1045 4222 ‘Albert
1060 4163 1110 4212 duc
1134 4157 1275 4224 d'nsoysa’
1298 4164 1339 4214 Fr.

384 4224 451 4273 tham
460 4220 478 4285 ;‘
491 4226 569 4275 Wala.
583 4231 623 4276 76.
856 4192 860 4286 l
872 4231 916 4280 Tr.
