2896 4860
572 423 755 472 ernanus.
1074 408 1138 471 113

182 577 288 640 turris
308 596 416 661 prope
434 586 570 663 portam
593 600 671 664 quae
697 580 837 663 respicit
856 579 899 644 ad
927 580 1135 662 aquilonem,
1238 626 1241 631 ·

181 674 227 739 de
257 678 422 744 mandato
454 680 547 761 regis
577 679 780 762 Angtorum,
814 680 887 763 regi
924 681 1133 746 Francorum

181 777 318 843 reddita
332 787 395 844 est.
447 780 602 845 Tandem
617 801 689 864 pax
712 782 803 847 inter
817 788 933 846 tantos
949 782 1134 865 principes,

183 869 399 961 ¹magnatum
423 882 579 960 consilio,
605 882 790 947 reformata
814 891 867 946 est
891 883 926 945 in
950 881 1040 946 hunc
1062 903 1135 948 mo-

181 976 288 1046 dum:
312 979 506 1064 Anglorum
530 983 602 1065 regi
621 982 891 1048 restituebantur
912 984 1039 1058 omnia,
1062 992 1133 1048 tam

179 1075 342 1144 Castrum
366 1080 556 1165 Radniphi‚
577 1103 680 1166 quam
700 1083 770 1148 alia
795 1093 874 1166 post
900 1102 1035 1147 crucem
1058 1104 1135 1148 sus·

182 1186 320 1261 ceptam
343 1182 472 1258 ablata,
500 1183 632 1248 scilicet
656 1185 747 1248 intra
776 1184 966 1249 Bituricam
994 1184 1133 1266 provin-

181 1278 282 1344 ciam.
334 1281 425 1365 Regi
455 1283 666 1349 Francorum
694 1291 874 1349 numerata
900 1293 983 1348 sunt
1011 1285 1133 1366 viginti

180 1378 293 1444 millia
306 1400 511 1461 marcarum,
527 1404 756 1467 expensarum
777 1385 925 1460 nomine,
943 1404 1029 1468 quos
1046 1385 1133 1449 fece-

179 1487 238 1543 rat
267 1480 359 1547 circa
385 1482 546 1548 Castrum
576 1484 765 1568 Radulphi.
820 1484 1043 1549 Postmodum
1073 1506 1133 1549 rex

181 1577 379 1663 Anglorum
405 1583 602 1666 homagium
631 1585 713 1650 fecit
740 1587 813 1666 regi
838 1586 1071 1666 Francorum3
1100 1594 1134 1650 et

180 1680 293 1745 eidem
325 1684 480 1766 quietum
512 1686 676 1751 clamavit
706 1685 868 1768 quicquid
901 1687 936 1748 in
967 1685 1134 1750 Alvernia

180 1780 258 1864 ipse
279 1782 334 1848 vel
364 1785 634 1868 praedecessores
657 1787 712 1849 sui
736 1786 971 1869 possederant.
1026 1786 1134 1850 Facta

180 1890 266 1947 sunt
281 1882 355 1948 haec
372 1885 407 1948 in
423 1887 543 1968 vigilia
559 1886 794 1969 apostolorum
814 1886 910 1951 Petri
928 1893 963 1949 et
980 1885 1093 1949 Pauli.

233 1981 312 2047 Rex
329 1993 444 2049 autem
463 1985 637 2051 Henricus
657 1994 737 2069 post
755 1986 841 2064 haec,
859 2006 937 2050 cum
954 1993 1133 2068 regnasset
1148 2005 1250 2044 nerum
1276 2067 1280 2079 1

180 2083 284 2147 annis
306 2085 452 2167 triginta
474 2094 635 2171 quatuor,
662 2088 835 2151 mensibus
857 2107 933 2163 sex,
955 2087 1133 2168 tribusque
1147 2057 1287 2104 '‘mem''

180 2181 417 2264 hebdomadis,
439 2187 531 2270 apud
549 2186 740 2251 chinonem
757 2189 792 2251 in
810 2187 1049 2269 aegritudinem
1073 2186 1132 2249 de-

179 2282 314 2362 cidens,
338 2285 427 2351 diem
456 2307 558 2352 suum
584 2296 775 2352 extremum
804 2287 930 2351 clausit
950 2287 985 2349 in
1009 2296 1133 2350 octava

180 2383 362 2450 beatorum
379 2388 614 2470 apostolorum
633 2388 728 2452 Petri
749 2395 785 2452 et
803 2387 917 2451 Pauli.
969 2386 1134 2469 Sepultus
1147 2405 1290 2471 uersuum

179 2503 266 2548 vero
290 2494 344 2550 est
366 2486 458 2569 apud
480 2482 818 2565 Fontem-Ebrardi,²
839 2489 875 2552 in
897 2487 1042 2551 ecclesia
1065 2457 1240 2551 moh‘vssffhh'.

180 2584 346 2664 nialium;
378 2605 524 2669 quarum
555 2591 811 2665 monasterium,
846 2588 964 2652 multis
995 2586 1134 2670 praediis

179 2684 342 2764 ditatum,
359 2686 433 2769 ipse
448 2687 617 2754 fundavit.
672 2689 930 2754 Solemnitatem
947 2687 1134 2770 sepulturae

178 2783 257 2870 ejus
282 2796 488 2870 peregerunt
504 2788 717 2854 Turonensis
735 2797 770 2854 et
784 2789 1007 2854 Treverensis
1026 2789 1133 2851 archi-

180 2886 347 2970 episcopi,
380 2898 550 2972 praesente
579 2890 650 2954 filio
679 2884 805 2974 ³[ejns]
833 2889 986 2953 Ricardo
1010 2889 1133 2952 comite

180 2986 394 3053 Pictavensi.
447 2988 650 3055 contulerat
668 2990 732 3055 hoc
754 3010 844 3054 anno
862 2990 1037 3053 Henricus
1057 3008 1134 3071 per·

178 3095 319 3170 petuam
335 3089 588 3176 eleemosynam
608 3099 744 3154 centum
766 3109 958 3155 marcarum
981 3089 1133 3171 capitulo

180 3187 464 3254 cisterciensium
481 3183 752 3257 monachorum.4

233 3286 316 3354 Hoc
338 3309 429 3354 anno
451 3291 597 3357 infesto
626 3293 660 3357 S.
680 3291 823 3374 Georgii
847 3289 1050 3353 Fredericus
1071 3289 1133 3352 im·
1146 3307 1296 3356 reuerent

1107 3389 1114 3403 ,
1146 3364 1189 3397 sete
1198 3363 1235 3396 ont
1245 3358 1275 3396 rur

180 3397 322 3472 perator
346 3391 381 3453 in
402 3390 546 3456 Terram
569 3392 733 3457 Sanctam
755 3392 822 3455 iter
848 3389 1250 3472 peregrinationrsneney

179 3508 243 3573 per
275 3498 403 3554 terram
437 3493 584 3575 arripuit
616 3492 707 3575 apud
740 3491 1041 3574 Reynesburgum,
1074 3508 1136 3571 per
1146 3459 1211 3498 Μ’

181 3588 415 3672 Hungariam,
442 3600 477 3656 et
500 3593 593 3656 ultra
614 3593 826 3668 Danubium,
850 3610 911 3673 per
933 3589 1134 3672 Bulgariam

181 3691 404 3756 transiturus,
457 3692 611 3758 Veniens
635 3701 750 3757 autem
780 3692 816 3755 in
837 3690 1034 3765 Thraciam,
1057 3709 1133 3753 cum

180 3791 388 3874 denegasset
416 3793 448 3857 ei
480 3792 667 3876 imperator
699 3792 901 3863 Graecorum
938 3791 1132 3854 ulteriorem

670 3964 796 3972 ψη..
819 3963 825 3969 .

218 4074 225 4103 ’
256 4072 341 4126 Hull’s
370 4078 538 4126 emendation.
587 4079 647 4127 Cod.
707 4071 814 4139 ³‘cjus‘
828 4075 923 4127 istrum
937 4075 974 4125 M.

184 4146 249 4209 Rtg.
260 4147 309 4195 has
320 4143 502 4209 ‘magnorum’
707 4145 716 4174 ⁴
734 4149 782 4195 See
795 4147 878 4208 Roget
889 4146 918 4194 oi
928 4146 1077 4207 wendover,
1088 4146 1135 4193 rot.

215 4213 227 4246 ²
244 4212 379 4279 ‘Eraudif
391 4217 461 4268 D’A.
479 4217 662 4278 Fontevraud.¹
673 4217 700 4266 ii.
713 4233 739 4278 p.
748 4221 806 4266 did.
