2896 4860
542 395 1111 459 lauressam

160 563 363 647 Babyloniae
381 565 527 647 capitur,
553 566 613 648 qui
635 567 671 629 in
694 585 736 631 ea
759 568 868 631 multa
892 567 1150 633 Christiano-³
1092 580 1243 681 -gffivtvv

159 683 234 727 rum
263 664 369 728 millia
396 665 591 730 trucidavit
638 664 693 729 Ex
725 667 825 750 cujus
848 669 1008 751 captione
1035 676 1105 732 ter·

159 764 216 827 riti
243 764 442 841 Christiani,
472 766 530 848 qui
553 766 684 829 erant
675 786 711 829 ιιι
741 766 878 842 Achon‚
907 787 929 832 a
955 766 1107 833 Soldano

158 864 313 928 inducias
335 864 522 946 impetrant
544 865 732 930 biennales,
785 865 910 930 Comes
929 867 1107 931 Eadmun·

158 963 223 1026 dus
250 963 445 1042 Comubiae‚
468 966 524 1030 cui
553 985 615 1029 rex
641 965 780 1046 Angliae
807 966 841 1029 in
860 986 924 1030 sua
948 969 1107 1032 absentia

158 1064 257 1145 regni
283 1065 501 1129 commiserat
526 1065 731 1142 custodiam,
754 1085 918 1147 magnum
947 1066 1042 1131 ducit
1069 1068 1106 1131 in

158 1163 321 1228 Walliam
340 1165 528 1229 exercitum
547 1174 668 1230 contra
688 1164 832 1230 Rasum.
885 1165 972 1230 Cum
990 1175 1105 1232 autem

158 1273 309 1328 castrum
335 1264 378 1328 de
405 1258 606 1340 ¹Druselan,
627 1265 717 1347 quod
746 1274 822 1330 erat
851 1265 947 1343 Resi,
970 1265 1105 1331 obside-

159 1372 222 1441 ret,
248 1371 284 1428 et
305 1383 422 1427 muros
446 1365 521 1448 ejus
547 1364 670 1428 suffodi
694 1365 836 1442 laceret,
862 1385 946 1429 casu
969 1365 1105 1431 illorum

160 1465 274 1528 subito
298 1463 351 1528 vir
372 1465 508 1542 nobiliS,
534 1464 729 1529 Willelmus
755 1465 797 1528 de
820 1464 1105 1545 Monte-canisii,

159 1564 288 1646 aliique
312 1564 438 1628 milites
456 1565 593 1646 plurimi
621 1572 657 1629 et
678 1563 832 1629 scutiferi
854 1566 1103 1648 opprimuntur.

159 1664 240 1728 Hoc
272 1683 362 1728 anno
392 1665 540 1746 armiger
568 1664 720 1748 quidam,
738 1664 914 1731 Robertus
945 1665 1104 1730 Camera-

159 1765 242 1838 rius,
257 1783 334 1827 cnm
353 1764 589 1846 complicibus,
601 1764 749 1829 tentoria
766 1775 994 1830 mercatorum
1012 1765 1103 1847 apud

159 1871 315 1928 sanctum
334 1863 512 1928 Botulfum
531 1864 728 1941 incendens,
748 1864 872 1928 diffuso
896 1866 988 1946 igne,
1007 1884 1105 1947 mag-

159 1983 240 2027 nam
255 1972 388 2046 partem
401 1963 494 2028 villae
515 1971 549 2028 et
570 1964 748 2029 ecclesiam
765 1964 910 2029 fratrum
929 1964 1104 2029 Praedica-

160 2072 272 2128 torum
301 2065 511 2142 combussit;
542 2063 692 2148 dumque
717 2071 924 2128 mercatores
951 2085 1014 2147 pro
1035 2064 1106 2128 sal·

161 2164 281 2229 vendis
313 2164 483 2228 mercibus
509 2164 581 2227 suis
607 2171 642 2227 et
667 2163 903 2244 extinguendo
936 2164 1015 2245 igne
1037 2164 1107 2228 dis-

159 2270 347 2341 currerent,
374 2283 436 2346 per
462 2263 592 2327 dictum
623 2263 830 2345 armigerum
858 2271 893 2327 et
920 2282 1002 2337 suos
1032 2270 1104 2327 tru-

158 2364 329 2441 cidantur,
362 2364 460 2453 bonis
500 2383 618 2427 eorum
655 2362 807 2445 direptis.
876 2364 959 2427 Fuit
990 2372 1105 2428 autem

160 2464 225 2528 hoc
247 2482 338 2527 anno
361 2464 396 2526 in
427 2461 558 2545 Anglia
588 2469 689 2527 tanta
716 2462 853 2545 frugum
882 2462 1106 2540 abundantia,

160 2571 200 2627 ut
224 2563 435 2646 quarterium
460 2563 623 2627 frumenti
651 2563 777 2627 alicubi
802 2582 864 2644 pro
887 2564 1022 2644 viginti,
1041 2563 1106 2626 ali-

159 2664 238 2729 cubi
266 2683 328 2747 pro
352 2663 538 2741 sexdecim,
562 2662 688 2727 alicubi
711 2682 773 2745 pro
799 2662 978 2727 duodecim
1004 2663 1107 2727 dena·

160 2765 220 2828 riis
242 2764 455 2827 venderetur.

183 2980 208 3016 D.
222 2981 247 3017 ll.
258 2981 278 3016 J.
291 2981 314 3018 C.
417 2979 612 3015 mounouuu
626 2979 651 3016 R.
758 2979 910 3016 FRANOORUM
949 2978 1088 3015 utrumnum

172 3066 329 3104 EOELXXXIX.
372 3067 519 3104 urcotallv.
589 3066 697 3103 nanum
728 2973 928 3175 'MK
947 3066 1098 3102 enullavit.

432 3128 457 3173 4.
629 3128 669 3173 rr.
825 3128 850 3173 4.
999 3127 1038 3172 ιτ.

203 3267 387 3344 Canobus,
412 3267 572 3349 princeps
595 3264 750 3343 Achaiae,
779 3265 927 3329 Romam
954 3266 1105 3343 veniens,
1118 3278 1228 3320 mmor

158 3388 221 3452 per
243 3386 369 3451 papam
395 3366 581 3431 Nicolaum
604 3385 626 3428 a
646 3365 845 3479 juramento
873 3365 946 3446 regi
968 3364 1145 3447 Αναςοαι
1118 3331 1242 3429 milli

159 3488 241 3532 num
272 3467 427 3550 praestito
458 3466 662 3540 absolvitur,
699 3472 735 3528 et
766 3465 802 3527 in
834 3483 949 3545 regem
980 3464 1106 3529 Sicilire

159 3574 356 3633 coronatur.
426 3565 524 3630 Inter
553 3564 725 3630 Jacobum
748 3571 990 3647 occupatorem
1019 3563 1106 3628 Sici·

159 3669 214 3733 liae
235 3675 270 3731 et
293 3667 451 3731 comitem
473 3664 738 3730 Atrebatensem
762 3665 941 3728 firmantur
960 3662 1107 3728 induciae

159 3767 349 3832 biennales.
403 3764 482 3829 Rex
500 3763 652 3847 Angliae,
677 3764 727 3843 do¹
740 3763 917 3829 Vasconia
936 3781 1108 3840 reversus,

161 3867 350 3933 Londoniis
377 3865 577 3930 solemniter
602 3864 766 3946 recipitur
787 3864 879 3927 circa
900 3862 1025 3927 festum
1041 3862 1109 3927 As-

160 3967 364 4050 sumptionis
392 3965 547 4047 Virginis
575 3964 755 4046 gloriosee3
790 3965 848 4045 qni
871 3961 894 4027 J
899 3962 1015 4026 udaeos
1036 3983 1109 4027 om·

507 4204 516 4237 ¹
533 4206 690 4256 ‘Drusselen
700 4200 714 4265 ;'
726 4205 765 4254 Μ.
