2896 4860
530 401 713 449 Anninus.
1032 385 1099 451 333

147 555 358 639 Burdogala‚
385 552 606 623 ¹Risuncium
639 566 895 641 pervenerunt;
931 560 988 623 ubi
1019 559 1096 624 red·

144 655 217 721 dita
247 658 297 722 eis
330 658 426 737 villa,
457 680 565 742 equos
594 679 677 724 suos
711 659 754 724 de
786 660 933 723 navibus
964 660 1095 724 eduxe-

145 765 237 821 runt.

196 858 325 922 Eodem
346 867 498 942 tempore
512 860 721 938 Walleuses,
739 860 957 942 insurgentes
973 866 1095 925 contra
1107 877 1213 966 pruina

144 977 272 1039 regem,
305 959 341 1022 in
366 959 512 1024 diversis
538 961 694 1043 partibus
720 960 875 1024 aversos
907 961 972 1025 siu
1002 961 1095 1043 prin.
1133 929 1184 970 ⁸¹“·

143 1057 239 1140 cipes
256 1059 492 1143 praefecerunt.
539 1060 770 1143 Aquilonares
788 1061 892 1136 enim,
918 1062 975 1142 qui
1001 1062 1094 1127 circa

145 1167 261 1241 partes
287 1159 504 1225 Suowdoniae
530 1160 700 1239 habitant,
725 1161 943 1243 capitaneum
966 1160 1095 1226 haben-

144 1265 196 1323 tes
232 1268 268 1324 et
301 1260 422 1324 ducem
465 1262 647 1344 quemdam
681 1261 724 1325 de
767 1281 892 1343 genere
927 1261 1092 1326 Leweliui

145 1360 309 1443 principis
344 1361 468 1437 ultimi,
503 1361 690 1426 Madocum
723 1361 871 1438 nomine,
901 1361 1021 1426 villam
1057 1371 1093 1427 et

143 1469 295 1524 castrum
336 1461 378 1524 de
408 1460 615 1526 Karuervan
647 1463 930 1540 combusserunt3
965 1481 1093 1544 magna

145 1558 369 1643 Anglicorum
405 1561 635 1639 multitudiue,
671 1563 730 1645 qui
762 1561 846 1626 nihil
878 1561 948 1626 tale
977 1562 1091 1644 suspi-

143 1669 262 1725 cantes
287 1662 329 1726 ad
352 1662 521 1725 nundinas
543 1670 718 1740 venerant,
748 1662 939 1726 interfecta.
992 1662 1094 1726 Occi-

144 1761 300 1826 dentales
325 1782 406 1826 vero
428 1763 636 1839 Wallenses,
663 1763 851 1846 praeposito
879 1763 944 1826 sibi
962 1762 1092 1846 juvene

143 1861 292 1944 quodam
320 1862 511 1945 Mailgonc,
544 1865 580 1927 in
611 1864 767 1946 partibus
800 1863 1024 1928 Penbrochiae
1057 1872 1093 1928 et

144 1961 384 2046 Kaermerdyn
416 1963 508 2027 mala
532 1964 679 2046 plurima
701 1971 953 2047 perpetrarunt.
1005 1962 1091 2043 Qui·

143 2062 222 2126 dam
253 2063 358 2128 etiam
392 2064 585 2145 Morganus
616 2065 742 2140 dictus,
779 2061 975 2128 wallenses
1009 2084 1090 2127 aus-

143 2163 248 2228 trales
271 2164 461 2241 concitans,
486 2165 646 2229 comitem
668 2163 867 2229 Gloverniae
883 2162 1090 2242 Gilbertum,

143 2265 203 2346 qui
238 2265 477 2347 progenitores
508 2284 590 2329 suos
624 2264 895 2329 exheredaverat
927 2264 969 2327 de
998 2272 1091 2329 terra

143 2383 219 2441 sua,
253 2384 331 2446 quae
356 2358 590 2445 ²Glarnorgau
624 2365 761 2443 dicitur,
795 2364 930 2446 fugavit
961 2371 996 2427 et
1027 2385 1088 2429 ex·

143 2464 243 2547 pulit.
297 2464 377 2528 Rex
410 2465 548 2547 Angliae
582 2465 745 2530 Walliam
776 2465 966 2547 ingressus,
998 2464 1089 2529 Ead-

143 2566 306 2629 mundum
339 2586 539 2647 germanum
575 2586 675 2629 suum
705 2574 739 2630 et
766 2565 958 2628 Henricunr
986 2566 1091 2629 comi-

142 2672 211 2730 tem
240 2665 442 2744 Liucolniae,
467 2674 631 2749 parantes
658 2686 696 2730 se
721 2666 764 2731 ad
794 2665 1089 2730 transfretandum

141 2766 177 2829 iu
204 2766 415 2831 Vasconiam
443 2786 520 2831 cum
544 2766 712 2844 exercitu,
735 2766 777 2830 ad
802 2786 839 2830 se
865 2766 901 2828 in
924 2765 1087 2830 Walliam

142 2868 330 2931 revocavit.
397 2865 533 2946 Quibus
565 2868 600 2931 iu
629 2867 683 2932 die
718 2867 828 2932 sancti
859 2866 1005 2930 Martini
1030 2885 1088 2948 ap

140 2968 452 3051 propinquantibus
484 2968 626 3032 castello
655 2968 790 3032 comitis
824 2966 1014 3032 Lincoluiae
1046 2966 1088 3031 de

142 3068 303 3151 Dunbey,
326 3068 521 3132 Walleuses
553 3070 589 3131 in
621 3088 747 3150 magna
772 3068 901 3131 virtute
932 3085 1089 3131 occurre·

141 3176 234 3245 runt,
251 3177 287 3233 et
302 3178 461 3233 conserto
476 3169 574 3250 gravi
591 3169 711 3251 praelio
728 3169 937 3252 repulerunt.

191 3268 403 3333 Coelestiuus
434 3289 537 3352 papa,
572 3288 609 3332 se
642 3270 754 3332 minus
787 3267 1010 3332 sufficientem
1044 3267 1085 3331 ad
1100 3288 1205 3328 ceratae
1215 3290 1240 3328 v.

139 3368 324 3451 regendam
352 3370 531 3433 ecclesiam
558 3368 723 3445 sentiens
746 3369 789 3431 de
813 3368 957 3432 consilio
979 3339 1228 3440 Bene-lids‘llll‘

140 3471 223 3535 dicti
243 3464 420 3555 ³Cajotani
448 3470 552 3534 cessit
580 3469 737 3553 papatui,
771 3468 865 3532 edita
887 3469 982 3551 prius
1009 3488 1089 3533 con-

138 3571 320 3636 stitutione
353 3590 457 3652 super
491 3570 645 3633 cessione
681 3568 880 3651 pontificum
914 3567 1089 3631 Romano·

139 3692 226 3736 rum.
297 3671 472 3736 Robertus
504 3670 546 3733 de
581 3669 811 3747 Winchelese,
839 3670 959 3732 doctor
981 3688 1090 3732 sacrae
1101 3684 1180 3724 nosen
1190 3686 1214 3725 or

1101 3734 1234 3775 wincheim

140 3772 336 3854 theologiae,
363 3791 384 3835 a
411 3790 502 3854 papa
522 3769 713 3834 Coelestiuo
738 3768 969 3846 confirmatus,
997 3776 1032 3832 et
1055 3769 1091 3833 in
1101 3787 1236 3885 pppoopngpr.

145 3913 1073 3925 —---——-----—--—-—--
1101 3886 1239 3935 cruteruury.

177 3996 261 4044 ¹'l'lris
275 3995 298 4044 is
315 3993 377 4042 from
389 3993 436 4043 Ar.
472 3993 600 4042 ‘Rimas-

138 4069 206 4117 cium
215 4062 228 4125 ς’
242 4066 302 4115 Cud.
315 4065 379 4126 Reg.
662 4059 672 4089 ³
688 4057 1091 4127 ‘Gageuui;’c‹›r.neg.:‘Gaie-

174 4136 262 4185 ’This
281 4136 303 4184 is
319 4134 382 4183 iroru
395 4135 442 4192 Μ.,
461 4133 558 4184 instead
577 4133 606 4182 os
628 4128 763 4194 taui3’1lr.

137 4202 328 4269 ‘Glomorgau,'
342 4206 403 4255 cod.
417 4205 480 4267 Reg.
