2896 4860
559 413 747 461 insumus.
1068 397 1133 462 173

178 575 276 650 tiam,
303 573 363 636 ubi
387 580 459 637 turn
488 573 628 653 vigebat
650 571 802 636 studium
826 570 997 653 generale,
1027 570 1132 653 coepit
1144 584 1282 677 ffiffiffil,

180 673 405 739 eruditionem
428 674 611 755 diligenter
637 672 826 749 intendere,
852 680 887 737 et
916 672 1051 736 omissis
1074 672 1133 735 fri·
1169 666 1174 676 ’
1284 660 1289 672 ’

181 775 283 852 volis,
311 776 436 857 quibus
459 775 547 839 solet
582 781 668 838 aetas
692 766 959 838 ¹adoleseentior
984 772 1133 849 effluere,

178 895 255 939 sese
281 875 524 940 maturioribus
552 875 675 938 studiis
704 893 899 957 occupare;
934 882 981 950 et,
1001 881 1038 938 ut
1058 874 1132 937 ani-

181 995 275 1041 mum
304 996 403 1039 suum
436 976 637 1040 transferret
669 976 804 1059 plenius
838 975 881 1038 ad
915 975 1134 1058 sapientiam,

179 1069 373 1142 'abstraxit
398 1096 418 1140 a
445 1077 526 1140 vino
553 1096 613 1158 per
634 1076 833 1139 decennium
861 1095 997 1139 caruem
1023 1095 1133 1139 suam.

182 1176 408 1243 Postmodum
427 1197 521 1253 vero,
541 1177 750 1241 lassescente
769 1176 959 1253 stomacho,
979 1177 1134 1259 compul-

181 1298 241 1343 sus
258 1286 311 1343 est
327 1279 371 1348 ab
394 1279 556 1361 episcopo
582 1276 716 1340 Didaco
739 1276 862 1341 saltem
887 1284 1078 1360 temperato
1100 1286 1135 1342 et

181 1379 316 1444 modico
333 1379 414 1443 vino
433 1379 494 1441 uti.
537 1377 752 1442 Liberalibus
766 1385 881 1441 autem
897 1378 1029 1443 artibus
1044 1399 1137 1443 com-

181 1486 338 1563 petenter
374 1480 574 1556 instructus
611 1478 654 1541 ad
690 1478 873 1560 theologiae
911 1479 1062 1543 studium
1098 1500 1135 1543 se

182 1580 374 1656 transtulit,
399 1580 574 1662 coepitque
600 1578 819 1643 vehementer
840 1579 965 1643 divinis
991 1579 1136 1663 eloquiis

182 1681 337 1760 inhiare3
368 1700 430 1744 nec
454 1680 565 1743 solum
589 1692 786 1744 sanctarum
813 1679 1075 1743 meditationum
1102 1689 1137 1744 et

182 1782 402 1847 affectionum
426 1790 571 1862 segetes,
598 1781 657 1844 sed
683 1781 849 1845 bonorum
873 1799 1015 1862 operum
1045 1781 1136 1843 sruc-

183 1892 239 1948 tus
261 1882 450 1946 uberrimos
472 1881 694 1964 producebat.
748 1881 855 1944 Fame
877 1900 1026 1964 namque
1050 1901 1138 1963 prae-

183 1983 300 2048 valida
338 1984 373 2046 in
407 1982 575 2045 universis
611 1982 793 2064 Hispaniae
830 1982 986 2063 partibus
1023 1983 1137 2063 ingru-

184 2091 275 2160 ente,
307 2083 419 2147 adhuc
448 2102 591 2146 manens
616 2083 785 2147 Palentiae
814 2074 869 2146 ³ut
896 2081 982 2147 vidit
1013 2102 1139 2163 egeno-

186 2204 262 2248 rum
287 2184 455 2258 miserias,
482 2184 719 2265 neminemque
740 2183 1003 2260 consolatorem,
1024 2184 1138 2247 anxia·

185 2285 368 2350 admodum
400 2292 514 2347 motus
548 2284 795 2366 compassionis
827 2284 963 2361 ellectu,
989 2283 1138 2347 venditis

185 2386 296 2462 libris,
331 2405 418 2468 quos
453 2384 553 2448 valde
587 2385 798 2449 necessarios
837 2384 995 2462 habebat,
1029 2385 1138 2448 omni·

187 2507 254 2570 que
281 2485 499 2569 supellectili,
529 2495 708 2568 acceptum
738 2486 884 2567 pretium
915 2486 1076 2570 dispersit
1105 2493 1139 2550 et

187 2587 282 2652 dedit
301 2587 519 2669 pauperibus.
572 2585 716 2650 Talibus
733 2595 848 2650 autem
865 2588 1031 2651 virtutum
1049 2586 1140 2649 flori-

187 2689 252 2753 bus
274 2688 310 2751 in
335 2689 437 2751 beato
456 2688 528 2750 viro
551 2687 750 2769 gratissima
768 2696 950 2750 venustate
967 2687 1141 2752 vernanti·

188 2789 265 2865 bus,
295 2789 401 2870 coepit
431 2787 516 2852 odor
542 2788 738 2852 sanctitatis
769 2787 845 2870 ejus
874 2789 1141 2871 circumquaque

189 2888 354 2967 diffundi;
393 2906 471 2970 quae
493 2908 570 2952 cum
596 2888 804 2953 Oxomensis
833 2889 986 2971 episcopi
1015 2888 1140 2953 Didaci

190 2991 364 3072 attigisset
380 2989 547 3065 auditum,
564 2991 726 3053 continuo
745 2991 947 3053 accersitum
964 2989 1045 3054 fecit
1063 3010 1140 3054 eum

189 3092 225 3155 in
248 3089 394 3155 ecelesia
416 3109 480 3152 sua
507 3089 706 3153 canonicum
732 3089 935 3171 regularem.
982 3089 1051 3169 Qui
1074 3099 1141 3154 sta-

191 3192 252 3257 tim
269 3192 360 3255 inter
375 3191 557 3254 canonicos
571 3190 666 3254 velut
683 3189 857 3271 singulare
868 3190 974 3273 jubar
992 3192 1142 3268 emicuit,

190 3301 226 3357 et
255 3291 298 3355 de
328 3292 456 3355 virtute
486 3291 520 3353 in
547 3291 709 3354 virtutem
739 3292 825 3354 mira
855 3290 1031 3354 celeritate
1064 3310 1142 3373 pro-

191 3393 322 3470 licieus,
340 3392 489 3455 omnium
512 3391 548 3453 in
571 3410 608 3455 se
633 3393 832 3473 provocavit
850 3392 1021 3457 affectum.
1075 3392 1142 3455 Mi·

189 3502 311 3561 rantur
336 3492 491 3557 canonici
521 3499 590 3556 tam
618 3493 769 3557 subitum
796 3492 970 3573 religionis
1000 3493 1144 3575 apicem,

190 3605 319 3662 etcum
337 3594 417 3658 licet
435 3592 582 3657 invitum
599 3593 664 3657 sibi
682 3594 898 3657 constituunt
916 3593 1142 3675 subpriorem.

192 3696 262 3777 Qui
280 3696 393 3759 sactus
414 3694 572 3757 omnibus
595 3693 678 3756 vitae
701 3693 891 3776 speculum,
915 3701 949 3756 et
968 3694 1144 3776 religionis

188 3795 400 3879 exemplum,
430 3795 465 3858 in
497 3794 652 3858 oratione
686 3793 857 3867 assiduus,
887 3793 1032 3858 caritate
1058 3814 1146 3877 prec-

191 3975 286 4041 prored
305 3974 340 4035 by
358 3973 401 4020 the
421 3972 556 4021 historicus
572 3972 601 4021 ol
615 3971 672 4041 thet
718 3971 725 4002 ¹
739 3972 855 4023 Maetlr.
866 3991 872 4022 ι
884 3973 1121 4023 ‘adolescentiorum
1130 3964 1145 4034 ξ,

191 4047 283 4107 Order,
288 4045 347 4093 who
358 4043 428 4092 show
439 4042 494 4091 thet
503 4043 621 4092 Valentia
632 4047 659 4091 at
685 4044 745 4092 Cod.
760 4046 823 4107 Reg.

191 4117 246 4168 that
256 4115 346 4180 period
355 4127 409 4162 was
421 4114 571 4175 completely
580 4113 605 4160 in
617 4112 658 4161 the
719 4145 754 4176 ,ι
823 4149 828 4159 .
869 4142 909 4176 .,,

190 4183 476 4252 powerotthenrabs3
495 4183 659 4246 Script.0rd.
764 4149 902 4207 ‘mun’
923 4146 970 4197 Ar·

194 4259 271 4310 Prcd.
283 4259 301 4308 i.
314 4261 340 4319 3,
351 4259 408 4304 nete
419 4267 444 4303 c.
722 4249 731 4280 ³
747 4254 821 4302 ‘cum
835 4251 954 4315 rideret3’
965 4252 1012 4302 Ar.
