2896 4860
324 385 389 450 156
685 401 759 448 nro.
776 400 923 448 rnrvnrr

325 581 396 625 rem
414 562 505 643 regis
524 562 703 625 Danorum
726 579 793 624 non
814 561 879 624 rite
901 559 1044 636 factum,
1066 577 1128 640 per
1143 555 1278 623 Coeles·

326 663 433 725 tinum
450 681 575 744 papam
594 661 629 723 in
645 662 777 725 irritum
796 666 988 724 revocatur.
1028 658 1112 723 Dux
1125 656 1280 722 Austriee

326 761 541 846 Limpoldus,
557 781 632 826 cum
654 761 861 826 Natalitium
887 760 979 843 apud
1003 753 1175 823 ¹Gratiam
1196 777 1280 841 age·

325 870 389 940 ret,
407 864 441 926 in
464 863 519 927 die
542 863 576 926 S.
594 861 760 945 Stephani
781 881 871 945 equo
894 861 1024 943 lapsus,
1046 860 1162 924 subita
1180 857 1278 941 pedis

325 963 503 1028 attritione
526 964 702 1028 sauciatur
727 969 796 1027 tam
818 961 1019 1045 periculose,
1046 959 1137 1044 quod
1162 977 1279 1023 neces-

325 1065 429 1128 sitate
454 1072 608 1146 urgente,
628 1071 667 1127 ut
684 1074 827 1128 mortem
851 1063 1083 1125 imminentem
1100 1059 1276 1135 evaderet,

327 1164 482 1229 abscindi
502 1184 580 1229 cum
604 1163 685 1229 fecit
705 1165 748 1229 do
771 1163 915 1228 consilio
939 1162 1167 1239 medicorum3
1190 1160 1278 1224 divi·

326 1267 461 1330 namin
487 1285 524 1329 se
544 1265 707 1330 ultionem
728 1274 905 1348 expertus,
930 1283 993 1346 pro
1019 1262 1110 1344 regis
1135 1259 1277 1326 Ricardi

325 1360 502 1449 ²captione
519 1366 659 1450 injusta.

375 1959 538 2036 Jonnrtn,
566 1980 664 2025 soror
687 1961 778 2043 regis
810 1960 965 2040 Ricardi,
994 1963 1114 2043 regine
1138 1962 1277 2040 Siciliae,

326 2061 443 2124 comiti
476 2061 512 2125 S.
530 2061 661 2142 AEgidii
695 2061 935 2144 desponsatur.
997 2062 1128 2126 Seditio
1157 2072 1280 2128 contra

326 2181 440 2244 regem
470 2161 656 2225 Ricardum
683 2162 718 2225 in
745 2163 886 2227 civitate
916 2161 1148 2227 Londoniensi
1169 2165 1278 2229 susci·

326 2269 401 2326 tata
418 2268 471 2326 est
492 2282 552 2346 per
569 2261 740 2345 quendam
756 2256 963 2328 ³Walterum
982 2263 1090 2327 filium
1113 2263 1278 2346 Osberti;

329 2363 388 2444 qui
427 2363 496 2427 cito
532 2372 612 2446 post
647 2370 775 2446 captus
801 2364 926 2446 dignas
956 2364 1021 2428 luit
1050 2364 1189 2429 sceleris
1223 2367 1278 2431 sui

329 2482 462 2545 poeuas.
525 2463 711 2528 Inundatio
751 2484 917 2546 aquarum
957 2472 1056 2529 tanta
1092 2464 1186 2530 sacto
1224 2475 1280 2531 est

330 2563 485 2641 Parisiis,
505 2572 544 2628 ut
567 2564 797 2628 intumescens
825 2565 987 2649 Sequana
1011 2564 1172 2630 fluctibus
1198 2587 1279 2649 pro·

329 2665 465 2729 cellesis
481 2666 598 2730 omnia
613 2666 704 2730 circa
721 2685 759 2729 se
776 2666 987 2746 involveret3
1016 2667 1066 2731 ita
1088 2674 1127 2731 ut
1144 2666 1279 2751 Philip·

329 2785 393 2847 pus
410 2765 620 2830 Francorum
637 2786 697 2830 rex
721 2766 841 2831 relicto
864 2767 908 2831 ob
928 2765 994 2831 boc
1017 2767 1148 2849 palatio
1168 2786 1278 2850 usque

329 2866 366 2930 S.
381 2865 607 2943 Genovefam,
622 2875 655 2931 et
671 2867 852 2949 episcopus
871 2867 991 2931 relicta
1005 2867 1152 2932 ecclesia
1168 2888 1278 2951 usque

328 2965 371 3030 ad
402 2967 437 3030 S.
456 2965 632 3031 Victorem
665 2969 897 3049 pernoctaturi
924 2969 1142 3032 accesserint.
1196 2966 1279 3033 Phi·

328 3067 443 3150 lippus
471 3067 682 3132 Francorum
703 3088 765 3131 rex
791 3067 977 3131 Ricardum
1008 3068 1197 3151 Anglorum
1225 3089 1279 3134 re·

329 3188 406 3248 gem
436 3167 679 3249 interpellavit,
707 3175 745 3231 ut
775 3168 894 3233 electis
919 3167 1097 3234 hincinde
1126 3170 1280 3253 quinque

329 3267 494 3332 militibus
517 3268 801 3333 disrationaretur
819 3268 879 3352 jus
901 3269 1081 3352 utriusque
1103 3271 1196 3353 regis
1219 3292 1280 3354 per

330 3389 402 3445 eos,
425 3377 463 3433 ut
484 3369 619 3451 utrique
643 3369 770 3451 populo
789 3362 939 3451 ⁴guerris
955 3378 1084 3435 vexato
1101 3370 1144 3435 de
1165 3378 1281 3437 cetero

331 3477 539 3551 parceretur.
592 3468 726 3535 Annuit
752 3489 813 3533 rex
842 3469 1012 3534 Ricardus
1035 3464 1210 3553 ⁵petitioni
1238 3492 1280 3538 eu

331 3570 537 3648 conditione,
569 3579 607 3634 ut
638 3591 682 3635 ex
715 3578 863 3653 utraque
896 3579 994 3654 parte
1025 3571 1135 3635 vicem
1167 3573 1280 3654 quinti

332 3669 448 3734 militis
469 3671 503 3733 in
526 3672 666 3753 propria
686 3690 834 3753 persona
854 3691 917 3736 rex
933 3671 1119 3755 suppleret.
1170 3671 1194 3736 J
1197 3692 1280 3737 oan-

367 3901 374 3933 ¹
393 3904 460 3953 Now
472 3903 560 3955 Grata.
817 3905 964 3966 Brompton,
973 3909 1045 3955 11⁷⁵.
1053 3910 1100 3966 643
1112 3906 1280 3969 Dicetoffll.

366 3971 376 4000 ⁹
391 3977 399 4003 ‘
412 3976 580 4036 captivatione
591 3969 604 4034 ς’
622 3975 661 4024 Μ.
672 3979 696 4023 el
707 3974 791 4024 An-
819 3980 866 4033 10;
883 3976 933 4025 and
946 3976 1079 4038 llovedeu,
1090 3981 1149 4040 444,
1160 3977 1212 4028 call
1228 3979 1279 4028 him

333 4046 381 4093 For
397 4060 413 4093 a
432 4046 629 4094 circumstantlal
645 4050 753 4095 account
767 4045 796 4093 of
818 4047 929 4095 William
941 4047 1113 4098 Fila-Osbert.

331 4116 373 4164 tbe
393 4110 544 4165 archduke‘s
563 4116 695 4166 miserebis
716 4116 792 4165 death
853 4114 863 4146 ⁴
880 4120 946 4180 ‘per
958 4132 1062 4181 guerras
1072 4124 1165 4169 vexato
1172 4113 1189 4180 ;’
1208 4120 1282 4172 ΜΛ

332 4201 374 4234 see
386 4187 469 4248 ltoger
479 4186 508 4235 ol
517 4186 666 4248 wendover,
678 4188 714 4237 iii.
726 4191 767 4237 88.
818 4187 867 4237 Ar.

366 4253 377 4286 ³
394 4256 477 4319 Roger
488 4256 516 4305 ol
531 4257 682 4321 wendover,
698 4258 735 4308 iii.
746 4260 792 4318 οὓς
853 4255 864 4286 ⁸
879 4258 1040 4320 ‘petitionem
1051 4253 1064 4319 ς’
1077 4258 1125 4309 Ar.
