2896 4860
520 420 705 470 6666666.
1025 402 1091 467 259

139 589 257 644 666166
291 581 363 661 regi
395 579 528 657 damus,
562 598 777 662 nequaquam
813 598 931 642 verum
966 578 1089 642 dicitis

141 680 187 743 Et
214 681 244 743 61
275 700 347 757 vos,
380 681 517 744 domina
549 679 677 762 Symon
703 679 746 743 de
776 677 1008 756 Monte-forti,
1038 678 1091 742 vel

143 779 320 845 Gileberte
339 779 382 844 (16
403 779 516 856 Clare,
542 779 608 843 hoc
634 779 724 843 idem
746 779 782 842 16
808 780 903 842 curia
925 779 1016 860 regis
1033 797 1092 843 vo-

142 880 275 944 lueritis
308 899 473 954 asserere,
508 880 620 963 parati
651 898 769 943 sumus
801 879 898 943 vobis
931 897 1091 943 securum

140 980 185 1044 ad
211 980 415 1044 veniendum
437 981 479 1044 ad
503 980 630 1044 dictam
655 981 785 1044 curiam
808 998 992 1060 procurare
1014 996 1093 1041 con-

142 1081 295 1157 ductum,
318 1087 354 1143 et
370 1088 497 1145 nostrae
513 1080 719 1144 innocentiae
742 1078 935 1155 veritatem,
953 1087 989 1142 et
1006 1077 1092 1141 utri·

144 1200 253 1263 usque
287 1188 438 1243 vestrum
472 1181 563 1244 sicut
589 1179 710 1262 perfidi
741 1179 926 1262 proditoris
955 1176 1093 1242 menda-

144 1281 247 1357 cium,
263 1279 439 1344 declarare
462 1299 522 1362 per
545 1280 694 1362 aliquem
721 1278 901 1344 nobilitate
918 1287 953 1342 61
968 1296 1094 1361 genere

145 1381 244 1444 vobis
270 1397 398 1462 parem.
449 1379 578 1443 Omnes
605 1399 668 1443 nos
690 1379 843 1444 contenti
866 1398 985 1443 sumus
1007 1397 1095 1460 prae·

145 1479 313 1543 dictorum
349 1479 563 1544 dominorum
598 1478 734 1561 sigillis,
773 1477 934 1542 videlicet
965 1477 1095 1543 domini

144 1580 236 1661 regis
254 1577 488 1643 Romanorum
507 1586 542 1644 et
556 1578 685 1643 domini
701 1577 887 1644 Edwardi.¹

190 1677 518 1762 Appropinquantes
547 1687 661 1743 autem
688 1678 732 1743 ad
758 1678 877 1743 villam
905 1677 947 1741 de
976 1677 1168 1785 [16166666ιο
1161 1692 1227 1733 utu·

145 1780 287 1842 comites
310 1780 502 1861 praedicti
492 1799 528 1843 rn
556 1797 659 1842 manu
685 1786 831 1856 armata,
854 1778 967 1860 regios
993 1744 1132 1841 autel-⁰

147 1878 225 1941 lites
228 1880 310 1961 ,qui
330 1898 392 1960 pro
408 1879 623 1961 quaeritando
641 1898 805 1962 equorum
824 1878 951 1961 pabulo
967 1877 1098 1959 egressi

147 1979 295 2054 fuerant,
310 1978 511 2043 invadentes
526 1978 691 2061 plurimos
708 1985 934 2062 peremerunt.
987 1971 1097 2041 ¹Prae-

147 2079 300 2141 munitus
320 2098 384 2142 rex
408 2078 451 2142 de
468 2078 620 2144 adventu
640 2079 755 2143 subito
770 2079 932 2144 comitum
950 2085 986 2142 et
1000 2078 1099 2141 baro-

147 2198 242 2253 num,
260 2179 398 2242 obviam
420 2181 532 2261 pergit
554 2197 631 2242 cum
655 2178 862 2243 exercituin
888 2185 957 2240 tres
982 2184 1098 2260 partes

147 2278 281 2343 diviso:
306 2298 450 2360 quarum
473 2279 593 2362 primae
618 2286 765 2360 praeerat
792 2277 983 2370 Edwardus
1008 2277 1099 2357 regis

151 2378 411 2460 primogenitus,
431 2398 508 2443 cum
533 2377 709 2443 Willelmo
733 2375 775 2441 de
796 2376 968 2442 Valentiis
992 2375 1100 2439 Pene-

149 2477 311 2555 brochiae,
342 2486 378 2543 et
409 2479 545 2543 Joanne
583 2477 625 2541 da
660 2476 837 2541 Warenna
876 2475 1033 2557 Surrayae
1064 2482 1100 2539 et

150 2571 342 2654 286666166,
370 2579 576 2654 comitibus;
604 2577 764 2642 secundae
794 2596 856 2642 rex
884 2573 1099 2640 Alemanniae

151 2696 228 2741 cum
259 2677 331 2741 filio
360 2698 424 2742 suo
455 2677 630 2756 Henrico;
673 2679 784 2743 tertiae
817 2696 900 2741 vero
931 2695 994 2740 rex
1026 2675 1100 2757 ipse

96 2845 101 2855 ,
153 2777 338 2842 Henricus.
391 2778 566 2842 Beronum
588 2797 671 2842 vero
697 2778 870 2841 exercitus
890 2778 925 2841 16
951 2782 1101 2859 quatuor

151 2887 267 2960 partes
299 2878 431 2941 divisus
460 2886 558 2942 erat:
603 2896 748 2960 quarum
780 2878 899 2960 primae
927 2875 1102 2941 Henricus

151 2977 195 3041 de
212 2977 434 3042 Monte-forti
450 2997 526 3041 cum
550 2978 675 3041 comite
693 2976 914 3057 Harsordiae3
941 2973 1102 3041 secundae

153 3076 351 3141 Gilebertus
379 3077 422 3141 de
450 3076 553 3141 Clare
578 3096 656 3140 cum
686 3076 824 3141 Joanne
849 3076 921 3141 filio
943 3074 1102 3150 Joannis,

152 3186 188 3241 at
215 3176 393 3241 Willelmo
421 3177 464 3240 de
491 3169 785 3255 Monte-³canisii3
823 3175 946 3253 tertiae,
972 3177 1009 3239 in
1033 3193 1103 3257 qua

153 3286 253 3340 erant
269 3275 538 3352 londonienses,
556 3276 722 3341 Nicolaus
738 3276 782 3340 de
799 3276 973 3358 Segrav03
1000 3294 1104 3358 quar-

153 3384 199 3440 tae
216 3377 290 3458 ipse
304 3396 418 3441 comes
433 3376 562 3459 Symon
578 3395 653 3439 com
672 3375 808 3440 Thomu
830 3376 872 3439 de
897 3374 1104 3440 Pelvestone

153 3476 374 3559 praefuerunt.
439 3470 666 3556 ⁴[Edwardus
697 3474 804 3556 igitur
833 3493 911 3538 cum
940 3474 1014 3539 acie
1040 3491 1104 3538 666

156 3583 253 3639 16616
280 3577 409 3658 impetu
438 3576 473 3638 in
507 3573 623 3639 hostes
652 3575 763 3651 irruit,
795 3581 836 3638 ut
865 3594 925 3638 eos
954 3582 1103 3638 retroca-

155 3675 236 3738 dere
261 3683 425 3757 cogeret:
452 3694 597 3758 quorum
622 3673 722 3738 multi
744 3675 913 3756 fugientes
937 3673 1105 3737 submersi

156 3782 250 3850 sunt,
273 3782 312 3838 ut
331 3775 486 3840 scribunt
507 3775 626 3857 aliqui,
648 3793 758 3857 usqua
782 3775 825 3839 ad
847 3792 1026 3837 numerum
1044 3772 1105 3837 mi-

156 3873 254 3937 litum
273 3875 468 3956 sexaginta.
521 3874 778 3940 Londonienses
803 3874 907 3938 etiam
930 3874 966 3937 16
988 3872 1106 3955 fugam

194 4081 202 4114 ¹
219 4085 225 4114 ¹
238 4085 406 4135 Praemonitna
414 4081 428 4144 ς’
440 4082 508 4134 D’A.
680 4083 691 4117 ⁸
706 4084 821 4134 ‘camisii
830 4079 846 4145 ;‘
859 4085 898 4133 Μ,
909 4089 933 4134 et
945 4084 992 4132 Aa.

682 4157 693 4186 ⁴
709 4155 764 4204 The
788 4155 852 4203 11666
875 4154 964 4204 within
992 4153 1109 4202 brackets

193 4221 204 4256 ²
219 4226 226 4254 ⁴
238 4226 397 4275 Southaexiae
406 4224 422 4285 5'
435 4226 474 4275 Μ.
486 4229 511 4273 et
521 4224 569 4274 Ar.
648 4241 690 4276 are
702 4226 805 4278 omitted
816 4226 843 4273 16
851 4224 898 4273 Aa.

926 4314 971 4358 12
