2896 4860
320 410 387 475 212
680 428 753 476 uic.
771 428 918 475 uarvnur

324 580 469 650 ¹clerum
486 605 676 650 sermonem
694 587 859 670 explevit.
912 588 1102 652 Occasione
1120 588 1196 673 ejus
1215 587 1276 652 ha-

322 689 469 751 buerunt
485 686 609 751 fratres
632 687 718 751 duas
741 688 877 753 scholas
899 688 987 752 infra
1010 696 1110 771 septa
1126 708 1203 766 sua,
1221 708 1276 753 re-

323 796 478 851 sumente
498 807 539 852 eo
559 787 723 853 lectiones
742 808 824 852 suas
842 796 921 873 post
938 788 1066 853 ordinis
1079 790 1274 871 ingressum

324 888 367 951 ad
383 889 614 970 importunam
629 887 830 953 instantiam
848 889 1054 954 auditorum.
1101 889 1276 955 Suavissi·

324 1007 400 1052 mus
417 988 545 1072 quippe
562 987 782 1053 moralizator
798 998 885 1067 erat,
900 997 940 1054 ut
950 990 1036 1054 satis
1053 990 1276 1055 considerare

324 1089 464 1170 poterit,
486 1088 545 1171 qni
567 1087 673 1152 libros
695 1088 771 1172 ejus
792 1090 983 1174 inspexerit
1007 1109 1109 1155 manu
1132 1090 1275 1174 propria

324 1188 534 1253 emendatos.
587 1188 670 1252 Fuit
692 1188 912 1254 nihilominus
938 1191 976 1254 in
998 1198 1073 1255 arte
1094 1190 1275 1256 medicinas

324 1288 598 1373 expertissimus,
623 1294 744 1370 utpote
767 1290 828 1372 qni
848 1297 918 1354 tam
940 1290 1084 1356 Parisiis
1106 1310 1213 1375 quam
1238 1292 1276 1355 in

325 1388 634 1471 Montepessnlauo
674 1396 812 1453 rexerat
845 1391 881 1454 in
916 1391 1058 1470 eadem3
1098 1392 1143 1455 de
1174 1389 1275 1476 cujus

324 1489 416 1553 curis
449 1497 484 1554 et
518 1488 867 1572 pronosticationihns
901 1491 1095 1556 reseruntur
1125 1491 1276 1574 plurima

325 1589 536 1654 admiranda.
587 1588 786 1654 Alexander
801 1609 895 1668 vero,
917 1591 976 1674 qui
1000 1591 1146 1655 fratrum
1163 1592 1277 1657 Mino-

326 1709 403 1752 rum
428 1690 581 1753 ordinem
607 1690 782 1771 ingressus
808 1698 874 1768 est,
896 1690 1070 1756 Summam
1092 1690 1277 1775 theologie

325 1789 394 1852 illis
411 1790 621 1872 temporibus
635 1791 814 1871 perutilem
826 1792 1091 1874 conscripserat,
1106 1810 1184 1857 cum
1203 1792 1278 1857 dili-

326 1890 443 1972 gentia
460 1891 612 1954 maxima
628 1897 664 1953 et
673 1890 801 1955 labore.
829 1890 927 1955 Obiit
941 1891 1150 1976 Radulphus
1161 1891 1280 1959 cices-

326 1991 451 2054 trensis
469 1990 661 2074 episcopus.

376 2479 399 2544 J
402 2496 545 2544 onuuus
577 2500 638 2544 rex
670 2478 865 2543 Jerusalem
890 2478 927 2542 in
955 2477 1095 2542 ltaliam
1125 2480 1280 2558 veniens,

179 2574 246 2603 '‘¹¹''
326 2580 431 2645 filiam
468 2599 566 2644 suam
605 2599 709 2664 quam
748 2580 883 2643 unicam
923 2578 1083 2655 habehat,
1119 2578 1279 2643 heredem

327 2682 435 2763 regni,
464 2680 646 2745 Frederico
674 2680 872 2761 imperatori
897 2678 1114 2742 matrimonio
1137 2679 1280 2763 copula·

327 2782 399 2860 vit;
423 2782 465 2845 de
492 2800 562 2864 qua
587 2781 773 2864 imperator
792 2779 898 2843 lilium
919 2771 1033 2842 ²snum
1058 2777 1192 2859 genuit,
1215 2799 1278 2845 no·

328 2881 418 2945 mine
442 2880 685 2945 Conradinnm.
738 2879 835 2943 Obiit
857 2878 1038 2962 Philippus
1064 2878 1279 2944 Francorum

328 3001 402 3058 rex,
420 2983 475 3046 cui
490 2980 581 3044 filius
599 2981 793 3045 Lodovicus
808 2979 986 3056 successit,
1000 2978 1059 3062 qui
1073 2997 1151 3042 cnm
1169 2998 1279 3045 uxore

328 3075 491 3158 ³Blanca,
514 3090 638 3145 octavo
661 3081 737 3145 idus
759 3079 924 3161 Augusti,
947 3098 970 3143 a
995 3078 1184 3144 Gnillelmo
1209 3078 1279 3147 Re·

328 3184 437 3245 mensi
470 3181 728 3264 archiepiscopo
759 3181 934 3256 inunctus,
964 3180 1061 3261 regni
1085 3179 1280 3247 diademate

329 3282 524 3363 insignitur.
569 3281 591 3345 J
595 3300 724 3345 oannes
748 3299 811 3344 rex
833 3279 1041 3355 Jerusalem,
1060 3278 1156 3344 sacta
1182 3299 1279 3364 pera·

329 3383 523 3463 grinatione
545 3381 589 3445 ad
612 3382 647 3446 S.
665 3380 849 3457 Jacobnm,
878 3380 1049 3444 transiens
1073 3400 1136 3462 per
1162 3400 1278 3463 regem

329 3481 501 3559 eustolia,
518 3501 670 3545 sororem
688 3481 764 3565 ejus
781 3481 1028 3563 Berengariam
1041 3480 1178 3562 accepit
1195 3500 1280 3547 uxo·

328 3602 411 3646 rem.
465 3582 658 3646 Lewelinus
686 3582 846 3664 princeps
867 3580 1019 3658 Walliae,
1043 3578 1278 3648 conloederato

327 3684 393 3746 sibi
409 3683 562 3765 Hugone
576 3683 619 3746 de
637 3681 721 3746 Laci
736 3700 813 3746 curn
830 3681 906 3745 aliis
922 3680 1140 3764 quibusdam,
1157 3700 1278 3764 pacem

328 3782 466 3865 Angliae
484 3782 712 3866 perturbavit,
728 3779 951 3865 inquietando
968 3779 1183 3845 Willelmnm
1200 3782 1278 3847 Ma·

326 3885 461 3948 rescalli
482 3883 667 3968 juniorem,
695 3883 907 3965 baronesque
927 3881 1013 3946 alios
1036 3881 1111 3963 regi
1130 3880 1278 3949 fideliter

326 3984 562 4062 adhaerentes3
586 4002 732 4067 quorum
756 3981 1026 4047 machinationes
1049 3999 1112 4045 rex
1132 3982 1277 4049 collecto

363 4174 368 4203 ι
386 4176 528 4239 ‹pulpitum
537 4170 552 4237 3¹
566 4176 605 4226 M.
616 4180 640 4225 et
651 4176 699 4226 Ar.
848 4171 859 4202 ⁸
874 4175 1009 4225 ‘blancha
1017 4170 1034 4235 ;'
1047 4174 1100 4226 lt:
1112 4174 1278 4237 ‘Blnncltesff

359 4244 370 4279 s
387 4248 508 4309 wmffing
518 4247 544 4294 in
556 4246 596 4296 Μ,
812 4244 860 4296 Ar.
