2896 4860
335 396 401 461 378
700 416 772 464 ruo.
790 417 937 464 nervum

336 575 479 655 cerum]
496 594 574 657 quae
594 585 676 638 sunt
696 576 796 641 utilia
810 576 911 641 valde
927 595 1046 658 regno.
1098 574 1201 640 Circa
1217 575 1288 639 ses·

337 684 408 738 tum
433 695 514 739 vero
538 677 629 740 beati
657 676 806 741 Joannis
835 677 1006 761 Baptistae
1033 676 1205 759 protectus
1232 684 1288 740 est

335 774 369 837 in
402 775 566 852 Scotiam,
595 779 653 841 nbi
687 778 782 841 initis
807 779 938 860 treugis
967 796 1077 858 usque
1100 776 1287 840 Pentecos-

335 883 403 939 tem
420 886 629 961 sequentem,
639 878 675 940 in
694 876 858 959 Angliam
874 886 928 942 est
942 897 1112 942 reversus.
1153 877 1286 941 Eodem

224 1016 230 1026 .
334 997 427 1040 anno
455 985 629 1041 natusest
649 978 724 1060 regi
745 998 789 1042 ex
814 980 934 1060 regina
957 977 1159 1059 Margareta
1178 977 1284 1053 filins,

166 3096 221 3146 l’ope
231 3096 295 3135 Boul-

166 3147 303 3186 nouercam·

166 3198 285 3236 munterte·

165 3248 202 3286 the
212 3248 293 3287 l’rench

166 3298 225 3347 king.

334 1096 434 1160 quem
460 1076 629 1141 Thomam
653 1079 803 1143 vocavit.
855 1078 980 1143 Comes
1009 1078 1182 1142 Flandriae
1204 1097 1284 1140 curn

333 1178 406 1241 suis
440 1177 568 1242 dedens
595 1199 633 1242 se
660 1178 786 1244 Carolo
810 1180 927 1243 comiti
952 1178 1099 1255 Valesii,
1128 1177 1285 1241 Parisios

333 1277 470 1343 ducitur
498 1298 575 1341 cnm
598 1278 733 1342 dnobus
751 1279 844 1356 filiis,
867 1290 904 1345 ct
925 1279 1016 1362 apud
1034 1277 1282 1362 compendium

332 1378 367 1440 in
396 1377 553 1443 custodia
586 1379 770 1443 detinetur.
824 1379 997 1444 Radnlsus
1024 1379 1117 1443 filius
1147 1378 1284 1442 Alberti

333 1480 425 1560 regis
444 1478 679 1543 Romanorum
701 1479 880 1558 Blancam,
896 1500 1047 1544 sororem
1063 1480 1156 1561 regis
1173 1478 1284 1542 Fran-

332 1579 408 1657 ciae,
441 1578 587 1643 Parisiis
621 1579 854 1663 desponsavit.
931 1581 1094 1644 Saraceni
1127 1579 1283 1643 Luceriae

333 1680 427 1743 urbis
445 1678 595 1762 Apuliae,
619 1682 684 1744 sub
701 1681 829 1745 tributo
848 1682 939 1764 regis
962 1671 1089 1745 Sicilide
1112 1682 1283 1756 viventes,

331 1782 424 1862 capti
442 1789 618 1844 necantur.

359 1998 384 2034 D.
398 1999 422 2034 ll.
434 1999 454 2035 J.
466 1988 515 2053 (3.1
585 1998 608 2034 Ρ.
621 1998 783 2034 ΒΟΜΛΝΟΒΠΜ
802 1998 827 2033 a.
915 1996 1068 2032 talamana
1114 1998 1252 2035 tantona!

385 2085 468 2123 ncoet.
529 2055 887 2123 noallacllvllffffi
912 2084 1071 2123 PlllLll’l'llV.
1108 2086 1226 2123 nnwaant
1238 2088 1259 2124 1.

383 2285 477 2349 Rncr
507 2283 699 2366 Anglorum
727 2282 897 2346 secundus
924 2302 970 2346 ex
994 2284 1114 2365 regina
1143 2283 1284 2366 Marga-

332 2392 408 2449 reta
435 2386 590 2449 nascitur
608 2383 713 2459 filius,
739 2402 840 2466 quem
864 2384 1003 2447 vocavit
1029 2383 1281 2449 Eadmnndum.

331 2484 550 2567 Apamiensis
583 2483 765 2566 episcopus
801 2482 844 2547 de
878 2483 1131 2566 conspiratione
1160 2495 1280 2551 contra

331 2604 446 2667 regem
479 2586 691 2650 Francorum
725 2590 922 2660 accusatuS,
955 2590 991 2648 et
1022 2583 1066 2648 ad
1100 2586 1192 2667 regis
1221 2606 1281 2651 cu·

331 2686 415 2749 riam
451 2696 607 2762 vocatus,
644 2685 678 2747 in
720 2684 877 2748 custodia
905 2683 1089 2748 detinetur.
1157 2686 1282 2752 Mense

331 2806 413 2850 vero
438 2780 649 2850 ¹Februario
673 2783 717 2847 ad
741 2783 940 2849 mandatum
962 2785 1090 2850 domini
1113 2805 1213 2870 papae
1237 2787 1281 2851 li·

329 2887 481 2962 beratus,
501 2887 646 2971 jubetur
669 2903 739 2947 una
766 2903 843 2948 cum
873 2886 994 2950 nuntio
1020 2885 1148 2949 domini
1176 2906 1278 2971 papae

329 3006 472 3069 regnum
496 3004 665 3050 evacuare
687 2982 778 3048 infra
809 2994 939 3048 certum
961 2985 1141 3050 terminum
1159 3007 1181 3052 a
1198 3009 1280 3071 rege

328 3088 520 3170 praefixum.
584 3085 683 3167 Papa
716 3084 915 3148 Bonifacius
945 3104 1062 3149 omnes
1093 3088 1224 3168 gratias
1256 3110 1279 3155 a

328 3207 366 3250 se
391 3187 446 3250 vel
473 3207 495 3250 a
526 3184 834 3269 praedecessoribus
862 3185 934 3248 suis
964 3204 1144 3250 concessas
1170 3188 1280 3253 Fran-

328 3306 445 3349 corum
463 3287 601 3369 regibus
623 3286 810 3362 revocavit,
833 3286 923 3348 etin
943 3285 1087 3349 eundem
1107 3289 1177 3351 cito
1197 3302 1278 3371 post

328 3386 693 3451 excommunicationis
709 3385 915 3449 sententiam
933 3384 1145 3452 fulminavit:
1173 3408 1277 3471 quam

328 3494 442 3551 tamon
461 3489 535 3570 regi
551 3506 649 3552 nemo
665 3505 771 3549 ansus
789 3493 843 3549 est
857 3486 1028 3565 nuntiare,
1046 3488 1101 3552 vel
1116 3489 1152 3552 in
1171 3509 1277 3571 regno

329 3588 486 3652 Franciae
506 3588 692 3671 publicare.
748 3585 845 3650 Fecit
865 3586 969 3650 etiam
991 3589 1090 3651 citari
1113 3590 1276 3672 praelatos

326 3708 445 3753 omnes
480 3687 523 3753 de
554 3707 660 3770 regno
697 3686 868 3764 Franciae,
898 3706 960 3751 nec
992 3709 1060 3751 non
1092 3697 1128 3753 et
1159 3709 1278 3756 omnes

327 3790 512 3871 magistros
539 3789 573 3851 in
593 3786 780 3868 theologia,
804 3787 894 3851 etin
910 3786 991 3870 jure
1017 3795 1087 3851 tam
1110 3793 1276 3856 canonico

325 3909 429 3972 quam
456 3889 562 3964 civili,
589 3898 627 3951 ut
656 3907 770 3950 coram
798 3906 839 3951 eo
860 3880 1028 3968 ²[Romae
1051 3889 1103 3972 in]
1127 3892 1277 3957 calendis

324 4088 463 4136 andWela.
477 4088 790 4151 Cod.lteg.rcads‘chnr·
853 4084 961 4138 'Hell's
988 4091 1156 4143 amendment.
1216 4097 1276 4146 Cod.

323 4164 404 4205 tarum
413 4153 426 4217 ;¹
435 4159 485 4207 and
497 4160 582 4221 M.,as
592 4160 617 4208 in
629 4165 685 4208 note
693 4155 789 4221 ',‘car-
818 4160 881 4221 ηις.
892 4159 939 4208 has
949 4161 957 4187 ‘
968 4160 1117 4211 Febnrarii!

324 4227 483 4277 cerularum!
849 4228 859 4257 ²
873 4229 936 4279 'l'his
947 4231 970 4279 ie
979 4230 1042 4279 from
1054 4232 1101 4282 Ar.
1113 4237 1171 4283 220.
