2896 4860
355 394 400 458 56
711 406 784 455 mc.
807 404 955 454 rarvnrr

195 584 346 624 namurco·
360 572 483 631 contra
498 585 574 629 eum
591 564 760 648 incipiunt
773 563 951 628 rebellare.
984 560 1190 638 Gualenses,
1205 579 1228 625 a
1242 558 1310 626 fide

197 634 306 674 m*
361 666 457 747 regia
486 658 745 740 ¹desciscentes,
771 671 882 728 terras
911 662 1088 746 proximas
1119 660 1310 726 latrociniis

360 766 583 842 infestabant,
615 771 740 846 agente
769 763 924 847 principe
956 781 1075 826 eorum
1104 760 1201 826 Reso
1230 779 1310 825 curn

360 884 424 930 suo
442 864 613 930 avunculo
628 864 760 929 Oweno
777 870 914 927 vocato.
966 860 1139 926 Defuncto
1152 859 1312 926 Waltero

361 964 509 1042 Giffard,
532 965 657 1029 comite
679 964 722 1027 de
743 956 997 1044 ²Bngingham,
1019 962 1094 1025 sino
1116 960 1252 1036 herede,
1276 961 1311 1024 in

362 1083 500 1128 manum
517 1063 648 1146 regiam
662 1063 857 1127 devolvitur
873 1061 1070 1127 comitatus.
1115 1060 1313 1126 Amalricus

362 1183 426 1228 rex
456 1162 663 1242 Jerusalem,
694 1162 884 1227 conductus
910 1162 954 1225 ab
979 1159 1137 1225 amiralio
1163 1160 1313 1243 Babylo-

363 1263 452 1341 nico,
471 1282 549 1327 cum
571 1263 725 1328 exercitu
753 1263 789 1325 in
815 1261 1026 1345 adjutorium
1049 1260 1125 1344 ejus
1148 1259 1313 1343 perrexit,

363 1371 398 1428 et
414 1364 556 1427 civitate
575 1363 749 1426 Barbasta
767 1368 981 1443 recuperata,
1007 1379 1110 1444 quam
1133 1354 1314 1442 'Salegom

364 1461 600 1526 seneschallus
611 1461 794 1555 Noradini,
811 1461 932 1526 fraude
948 1467 1099 1544 ceperat,
1112 1459 1212 1525 multi
1227 1458 1313 1525 libe-

365 1570 487 1626 rantur
501 1561 643 1642 captivi,
658 1561 825 1625 tributum
851 1560 1004 1645 ejusdem
1028 1559 1175 1624 amiralii
1199 1559 1315 1643 dupli·

364 1668 475 1725 catur.
527 1660 595 1724 Sed
614 1661 695 1725 dum
718 1660 792 1725 haec
813 1668 977 1743 aguntur,
1000 1660 1199 1725 Noradinus
1222 1660 1315 1743 cepit

364 1767 516 1824 castrum
540 1754 712 1837 ⁴Harene,
736 1760 827 1843 quod
847 1759 1120 1826 Christianorum
1138 1760 1263 1837 fuerat,
1279 1767 1316 1824 et

364 1860 456 1942 cepit
493 1860 597 1926 etiarn
633 1861 874 1925 Boamuudum
909 1861 1082 1944 Juniorem
1120 1858 1316 1924 Antiochia

364 1959 567 2043 principem,
590 1968 625 2024 et
641 1960 758 2024 multis
780 1960 968 2024 interfectis
986 1980 1009 2024 a
1031 1959 1213 2024 Saracenis
1235 1979 1316 2043 per·

366 2079 486 2124 vasum
503 2067 655 2123 castrum
670 2060 762 2142 quod
779 2059 906 2124 dicitur
919 2059 1079 2125 Abelina.

416 2158 581 2237 Thomas,
612 2158 873 2224 Cantuariensis
910 2159 1200 2243 archiepiscopus,
1233 2158 1317 2244 jura

365 2258 532 2336 ecclesiae,
557 2278 635 2342 quae
659 2260 796 2342 publica
828 2267 983 2342 potestas
1009 2266 1249 2342 usurpaverat,
1279 2261 1315 2323 in

365 2366 494 2422 statum
527 2366 672 2424 conatus
703 2366 757 2423 est
789 2358 941 2422 debitum
974 2378 1148 2437 revocare,
1174 2366 1317 2442 propter

365 2458 457 2540 quod
475 2459 663 2523 innumeris
688 2458 871 2524 lacessitus
888 2467 941 2523 est
958 2460 1106 2540 injuriis
1157 2458 1314 2523 Tandem

366 2566 494 2637 autem,
520 2558 586 2622 sibi
612 2567 723 2624 morte
753 2559 935 2635 intentata,
962 2558 1150 2623 cedendum
1183 2560 1317 2624 censuit

366 2678 442 2722 esse
456 2658 598 2723 malitiae
613 2679 621 2737 ;
644 2666 940 2741 spontaneumque
955 2658 1094 2722 subiens
1108 2658 1280 2736 exsilium,
1295 2679 1317 2723 a

367 2758 505 2822 domino
529 2777 620 2840 papa
647 2756 849 2822 Alexandro
869 2758 1012 2823 Senonis
1032 2757 1219 2823 honorifice
1242 2776 1319 2822 sus·

367 2866 489 2939 ceptus
515 2864 580 2932 est,
607 2857 701 2920 etin
727 2859 937 2922 monasterio
961 2857 1218 2923 Pontiniacensi
1247 2866 1319 2924 stu·

368 2956 464 3020 diose
479 2957 749 3021 commendatus.

386 3197 411 3234 D.
425 3198 450 3233 ll.
462 3198 481 3232 J.
492 3198 515 3233 0.
600 3199 623 3233 P.
636 3198 797 3233 ROMANORUM
811 3198 837 3235 a.
945 3198 1097 3234 raincourth
1148 3198 1286 3235 thaman!

401 3287 493 3323 ncaxv.
532 3285 674 3320 neminum
688 3285 729 3321 111.
746 3259 911 3321 ruenrm—rcr-r.
934 3286 1051 3321 nonovrcr
1063 3286 1108 3322 vu.
1143 3286 1249 3323 sermm
1262 3287 1293 3325 rr.

998 3347 1039 3392 28.
1200 3348 1240 3394 ll.

421 3484 619 3547 Hnnarcus
648 3502 709 3546 rex
735 3482 885 3564 Angliae,
912 3492 1066 3567 ternpore
1094 3485 1319 3568 quadragesi·

370 3583 463 3661 mali,
473 3583 713 3647 transfretavit
729 3583 764 3646 in
780 3582 1054 3663 Normanniam;
1079 3585 1320 3667 progrediens·

369 3702 435 3766 que
458 3703 567 3765 usque
588 3677 811 3756 ⁵Gisortium,
829 3684 865 3747 in
887 3677 1037 3747 ⁶octaris
1060 3682 1217 3759 Paschae,
1241 3705 1319 3750 cunr

369 3803 450 3865 rege
471 3783 628 3846 Franciae
651 3783 797 3847 contulit
811 3784 854 3847 de
871 3783 1026 3847 diversis.
1078 3782 1159 3862 Quo
1182 3804 1320 3851 reverso

406 3981 414 4013 ¹
427 3984 602 4032 ‘destruentes
612 3979 627 4041 ς’
641 3983 701 4032 Cod.
711 3983 774 4043 Reg.
896 3982 905 4010 ⁴
922 3986 929 4011 ‘
940 3984 1041 4032 Harcnc
1049 3978 1065 4043 ;'
1078 3978 1145 4033 u'A.
1156 3989 1180 4033 et
1191 3985 1239 4035 Ar.

407 4051 631 4115 ²‘Bokyugham;’
642 4047 832 4101 Muenna.
895 4076 905 4103 s
920 4079 1080 4127 ‘Gisooeium
1093 4078 1109 4106 ,r
1120 4079 1150 4127 M
1168 4084 1191 4127 e,
1202 4078 1241 4128 Ar

406 4122 832 4186 ³‘Salegon;'hl.rtAr.:‘Su·
1039 4167 1046 4186 ‚
1090 4114 1099 4140 ’
1153 4114 1158 4128 '
1242 4115 1249 4129 '

371 4195 475 4257 legori;'
489 4195 639 4255 lieg.0xorr.
652 4197 676 4241 et
688 4188 755 4242 D'A.
892 4169 902 4200 ⁶
917 4174 1038 4232 ‘⁰⁰¹⁸l'03
1058 4170 1128 4221 D’A.
1142 4200 1146 4217 ·
