2896 4860
377 415 444 479 406
736 429 811 477 mc.
833 427 980 475 rarvurr

216 604 330 652 urow-
380 586 533 651 doniis
524 606 560 650 ιιι
591 586 668 650 loco
700 585 865 649 eminenti
895 584 1015 667 figitur
1048 603 1154 667 super
1187 583 1331 668 palum;

216 654 284 695 m
382 707 508 770 corpus
533 706 615 751 vero
647 687 683 750 iu
719 686 870 749 Scotiam
903 685 1158 762 transmissum,
1182 685 1333 749 divisum

383 788 773 869 cst1nquartas,quae
795 786 840 849 ad
864 785 1011 850 aliorum
1034 786 1231 850 terrorem
1221 805 1256 848 m
1279 785 1334 850 di-

220 906 278 954 rue
382 887 493 953 versis
508 888 664 970 partibus
680 886 948 970 suspenduntur.
1000 886 1228 963 Bertrandus,
1243 887 1335 950 Bur·

220 952 354 997 clsmmtl'.

221 1005 330 1046 suma
345 988 579 1093 etldegalensis
625 986 917 1070 archiepiscopus,
957 985 1098 1051 natione
1130 986 1260 1064 Vasco,
1297 988 1335 1051 in

221 1054 373 1156 diff
384 1108 511 1173 papam
538 1089 681 1162 electus,
700 1086 860 1151 Clemens
885 1087 1028 1169 quintus
1050 1086 1163 1151 dictus
1184 1095 1249 1164 est,
1274 1088 1337 1169 qui

385 1208 503 1253 mense
520 1188 693 1253 Octobri
684 1208 720 1251 m
743 1187 928 1270 Lugduuo,
951 1186 1234 1251 convenientibus
1250 1186 1336 1252 illuc

384 1288 630 1366 cardinalibus,
659 1307 743 1369 rege
780 1288 991 1351 Francorum
1032 1286 1196 1371 Philippo
1232 1307 1334 1352 suam

385 1389 606 1472 pressentiam
621 1387 818 1465 exhibente,
834 1387 1004 1470 imperiali
1027 1386 1222 1452 diademate
1236 1407 1335 1453 coro-

386 1497 511 1556 natur:
545 1489 714 1572 quidum
746 1495 931 1552 coronatus
959 1487 1003 1551 ad
1033 1487 1214 1552 ecclesiam
1239 1489 1335 1553 beati

387 1588 532 1653 Martini
559 1587 747 1670 equitando
772 1573 967 1665 duceretur,
995 1607 1114 1651 murus
1144 1588 1285 1671 quidam
1312 1609 1336 1654 a

385 1688 506 1766 latere,
521 1689 558 1751 in
575 1707 677 1770 quem
698 1687 799 1751 multi
823 1687 1012 1772 spectaturi
1029 1707 1107 1772 quae
1124 1690 1337 1770 gerebantur

386 1787 645 1865 adscenderaut,
673 1807 837 1852 corruens
862 1788 992 1852 multos
1019 1789 1211 1871 oppressit3
1243 1790 1337 1853 inter

387 1906 476 1971 quos
491 1893 567 1952 erat
583 1887 655 1951 dux
673 1887 878 1966 Britanniae,
889 1889 943 1953 vir
958 1908 1065 1953 senex
1082 1896 1118 1953 et
1128 1889 1336 1954 discretione

387 1987 544 2070 insignis,
617 1988 741 2053 Frater
770 1987 951 2052 Walterus
981 1988 1025 2052 de
1054 1988 1336 2068 Winterbourne,

387 2108 498 2172 nuper
515 2089 559 2152 ad
576 2088 828 2152 cardinalatum
844 2096 1054 2172 assumptus,
1067 2089 1240 2154 tendendo
1256 2107 1337 2154 cum

387 2189 466 2254 aliis
487 2188 721 2254 cardinalibus
741 2189 777 2253 in
798 2187 962 2266 Galliam,
988 2189 1134 2253 moritur
1161 2190 1253 2273 apud
1272 2189 1336 2255 Ja-

388 2308 504 2367 nuam,
521 2297 557 2353 et
574 2288 610 2352 iu
632 2289 779 2353 ecclesia
801 2289 945 2353 fratrum
969 2288 1243 2355 Praedicatorum
1263 2298 1338 2355 tra·

250 2417 294 2447 m
341 2417 353 2447 ι
388 2388 482 2453 ditur
496 2389 695 2473 sepulturae.
747 2389 848 2473 Papa
864 2398 945 2454 ante
968 2388 1098 2454 Natale
1120 2410 1223 2454 unam
1245 2391 1339 2456 ordi·

255 2469 303 2498 Η
333 2535 340 2548 .
388 2491 562 2554 nationem
592 2490 735 2567 faciens,
762 2490 894 2555 creavit
923 2489 1103 2554 duodecim
1130 2490 1336 2570 cardinales,

388 2589 479 2654 inter
491 2609 579 2673 quos
597 2590 639 2654 de
652 2590 770 2655 ordine
783 2591 927 2656 fratrum
944 2589 1216 2654 Praedicatomm
1229 2590 1339 2656 irater

387 2690 541 2754 Thomas
568 2691 610 2754 de
629 2684 741 2768 ¹Jorz,
770 2692 891 2756 doctor
919 2710 1028 2755 sacrae
1056 2690 1251 2774 theologiae,
1275 2711 1338 2757 na·

388 2791 482 2854 tione
500 2790 684 2871 Anglicus,
709 2791 802 2855 tituli
828 2791 864 2856 S.
881 2790 1032 2868 Sabinae,
1053 2798 1091 2854 et
1107 2790 1274 2856 Nicolaus
1293 2792 1338 2857 de

389 2890 555 2967 Fravilla,
593 2890 770 2954 confessor
807 2891 899 2973 regis
938 2892 1161 2968 Francorum,
1197 2893 1338 2957 natione

388 2989 625 3066 Normannus,
644 2989 737 3054 tituli
761 2990 798 3053 S.
813 2990 965 3068 Eusebii,
984 2989 1177 3055 efficiuntur
1192 2994 1338 3078 preshy-

388 3089 453 3153 teri
477 3089 682 3155 cardinales.
748 3089 830 3154 Hoc
851 3108 942 3155 auno
967 3091 1062 3155 misit
1083 3110 1145 3155 rex
1178 3093 1337 3158 Franciae

387 3189 430 3253 ad
447 3209 564 3270 regem
580 3188 730 3271 Angliae,
748 3210 875 3272 rogans
893 3211 970 3254 eum
988 3199 1028 3255 ut
1043 3191 1274 3258 Flaudreuses
1291 3196 1336 3258 ab

387 3287 519 3370 Anglia
533 3289 735 3372 expelleret,
751 3291 868 3355 sicut
858 3310 932 3373 1pse
948 3291 991 3355 ad
1012 3309 1110 3356 suam
1135 3293 1337 3358 instantiam

226 3388 511 3496 *31¹¹‘2m300t03
536 3389 578 3452 dc
605 3389 754 3454 Francia
776 3391 925 3475 ejecerat
946 3391 1051 3475 paulo
1077 3400 1166 3456 aute.
1225 3392 1336 3478 Cujus

223 3506 327 3596 πω
387 3510 449 3553 rex
475 3483 653 3573 'precibus
685 3490 923 3574 adquiescens,
958 3491 1188 3557 Flandreuscs
1216 3513 1337 3558 omnes

224 3606 329 3657 Eurum
386 3591 428 3654 de
444 3590 576 3672 Anglia
593 3591 805 3655 exbaunivit

420 3813 552 3877 ¹‘J0ai3‘
572 3818 652 3867 Wals.
671 3822 718 3866 90:
740 3815 847 3880 ‘Senes
908 3816 1337 3883 ’‘precibus’isomittedindr.

383 3888 438 3948 M.;
459 3888 568 3949 perhaps
586 3888 625 3937 ior
651 3888 742 3952 ‘Jeus,
770 3890 847 3952 vulgo
873 3894 930 3941 22⁰.

382 3954 483 4021 Joycc,’
494 3973 555 4020 says
568 3958 639 4007 llall.
