2896 4860
351 374 418 441 368
714 390 785 440 nic.
805 390 953 439 rnrvsrr

192 568 336 667 fflfiii‘
354 567 532 612 rancorem
555 554 710 612 nostrum
736 556 771 614 et
797 550 923 613 malam
947 548 1174 626 voluntatem,
1201 565 1305 629 quam

192 670 309 710 ansanu-
355 670 399 714 ex
426 649 540 712 causis
568 648 742 732 praedictis
764 668 849 732 erga
871 669 931 713 eos
955 649 1160 726 habuimus;
1190 656 1304 712 trans·

193 721 308 812 iffi?
356 749 629 832 gressionesque,
659 748 689 812 si
717 768 805 831 quas
838 750 936 814 nobis
970 749 1026 813 rel
1055 748 1183 813 nostris
1213 747 1306 812 fece·

355 850 437 926 rint,
452 867 560 932 usqne
575 849 618 913 ad
635 858 840 932 praesentem
857 849 985 914 chartae
1004 848 1263 913 confectionem.

407 949 480 1013 ‘Et
510 950 553 1013 ad
579 950 742 1034 majorem
773 949 877 1034 hujus
909 950 959 1014 rei
986 950 1218 1025 securitatem,
1242 966 1305 1011 vo-

356 1049 470 1112 lumus
504 1058 539 1115 et
568 1049 788 1114 concedimus
823 1069 886 1133 pro
923 1050 1024 1114 nobis
1056 1057 1091 1114 et
1121 1049 1304 1113 heredibus

356 1150 496 1227 nostris,
531 1150 621 1232 quod
658 1168 776 1213 omnes
808 1149 1057 1233 archiepiscopi
1088 1156 1124 1214 et
1151 1149 1304 1232 episcopi

357 1246 496 1332 Angliae
534 1250 570 1312 in
610 1257 825 1333 perpetuum,
862 1251 898 1314 in
937 1251 1010 1314 suis
1049 1248 1303 1314 cathedralibus

211 1382 239 1407 2-
357 1349 510 1413 ecclesiis
543 1348 662 1414 hahita
693 1358 862 1432 praesente
894 1349 1016 1415 charta
1044 1357 1079 1414 et
1107 1348 1210 1427 lecta,
1241 1368 1304 1413 ex·

357 1449 610 1513 communicent
636 1450 772 1532 publice
802 1449 894 1514 etin
925 1449 1071 1532 singulis
1100 1448 1305 1532 parochiali·

357 1550 422 1613 bus
450 1549 604 1613 ecclesiis
636 1569 776 1614 suarum
803 1549 990 1614 diocesium
1018 1550 1306 1614 excommunicari

357 1646 498 1726 saciant,
523 1668 584 1712 seu
610 1649 926 1714 excommunicatos
949 1649 1159 1726 denunciari,
1179 1643 1247 1712 lbis
1269 1650 1303 1712 in

358 1766 462 1826 anno,
480 1769 598 1813 omnes
620 1750 680 1832 qui
702 1756 824 1814 contra
841 1759 992 1814 tenorem
1011 1750 1191 1833 praesentis
1208 1748 1307 1814 char-

358 1855 404 1912 tae
419 1848 486 1912 vim
501 1856 536 1912 et
553 1848 710 1913 ellectum
727 1848 761 1912 in
778 1869 982 1933 quocunque
998 1849 1144 1914 articulo
1158 1850 1307 1913 scienter

358 1947 514 2026 fecerint,
535 1956 597 2012 aut
625 1948 699 2012 fiori
723 1951 996 2032 procuraverint,
1018 1968 1156 2033 quoque
1182 1945 1305 2014 modo!

195 2072 304 2123 meing
359 2048 479 2112 Missis
497 2048 598 2112 sicin
622 2049 821 2113 Flandriam
843 2050 972 2115 nuntiis
990 2051 1160 2133 adipsum
1177 2069 1306 2132 regem,

194 2123 300 2214 {miili
358 2148 651 2212 confirmationem
667 2149 816 2213 omnium
828 2150 972 2214 istorum
990 2171 1051 2234 per
1068 2149 1222 2214 chartam
1240 2151 1305 2214 sub

195 2224 337 2315 {illiba
359 2248 475 2330 sigillo
499 2268 575 2323 suo,
603 2256 768 2332 tanquam
797 2250 841 2313 ab
867 2270 909 2314 eo
931 2251 991 2333 qui
1013 2251 1048 2314 in
1072 2257 1149 2315 arto
1171 2251 1305 2334 positus

359 2357 446 2426 erat,
468 2357 503 2413 et
527 2347 718 2412 cedendum
752 2349 893 2415 malitiae
918 2343 1127 2433 ²temporum
1161 2351 1306 2428 censuit,

358 2449 590 2514 obtinuerunt.

411 2548 480 2613 Pro
519 2547 777 2615 confirmatione
825 2550 945 2615 harum
989 2571 1102 2615 rerum
1140 2551 1308 2615 dederunt

360 2649 434 2730 regi
462 2649 611 2733 populus
638 2649 816 2714 denarium
846 2671 986 2729 nonum,
1013 2652 1124 2716 clerus
1151 2651 1306 2716 Cantua-

360 2749 482 2813 riensis
499 2750 680 2828 decimum,
703 2758 739 2815 et
761 2750 873 2814 clerus
891 2751 1118 2817 Eboracensis
1136 2752 1306 2834 quintum,

201 2872 340 2962 naming·
361 2850 444 2933 quia
482 2843 640 2933 'propior
671 2850 798 2914 damno
831 2859 916 2916 erat.
986 2852 1170 2917 Mandavit
1203 2852 1307 2916 etiam

198 2923 337 2965 ¹⁰⁸⁰⁰¹¹⁸¹¹'
362 2970 425 3014 rex
454 2951 636 3014 comitibus
665 2959 701 3015 et
732 2952 953 3032 magnatibus
984 2959 1098 3027 terrae,
1132 2951 1224 3034 quod
1252 2971 1308 3016 co

362 3050 436 3113 miti
463 3049 506 3113 de
532 3048 709 3114 Warenna
732 3052 866 3115 custodi
889 3051 1015 3115 Scotiae
1040 3051 1240 3116 assisterent
1263 3052 1306 3115 ad

362 3149 654 3232 comprimendum
683 3151 884 3216 rebelliones
911 3150 1105 3229 Scotorum,
1128 3151 1310 3235 praefigens

363 3250 413 3313 eis
440 3250 620 3312 terminum
647 3260 789 3315 octavas
815 3251 851 3315 S.
877 3251 1017 3329 Hilarii,
1043 3253 1079 3316 in
1102 3272 1170 3334 quo
1196 3253 1309 3334 parati

362 3349 476 3414 forent
505 3348 652 3414 Eboraci
680 3358 802 3416 contra
832 3351 948 3416 hostes
981 3352 1122 3417 ulterius
1150 3371 1309 3434 progres-

363 3450 458 3527 suri3
490 3449 533 3512 ad
558 3471 658 3533 quem
682 3451 771 3515 diem
800 3460 835 3517 et
862 3452 975 3516 locum
1003 3452 1179 3517 mandavit
1201 3453 1310 3536 majo⁴

364 3552 458 3614 ribus
488 3549 613 3614 Scotiae
640 3560 679 3615 ut
704 3551 872 3629 venirent,
905 3552 1057 3635 alioquin
1084 3551 1199 3616 hostes
1225 3553 1312 3634 pub-

363 3650 421 3714 lici
443 3649 660 3714 haberentur.
706 3648 800 3716 Ante
816 3651 945 3716 Natale
962 3653 1138 3716 Robertus
1159 3651 1202 3716 de
1225 3651 1310 3717 clif-

363 3748 452 3827 ford,
481 3750 579 3814 miles
609 3750 766 3829 illustris,
790 3771 867 3816 cum
897 3760 1034 3816 centum
1067 3751 1220 3829 armatis,
1252 3752 1312 3835 qui

364 3858 463 3915 erant
484 3851 519 3914 in
544 3851 703 3932 praesidio
726 3851 877 3916 civitatis
900 3851 1062 3929 Carleoli,
1087 3851 1237 3916 Scotiam
1261 3853 1310 3916 in·

364 3969 515 4032 gressus,
535 3951 646 4016 caedes
665 3958 700 4015 et
722 3951 878 4016 incendia
899 3952 1067 4030 exercuit,
1090 3960 1126 4016 et
1141 3945 1314 4017 ⁴abducta

399 4139 663 4201 ¹‘bisnnn03'D'A.
885 4141 1073 4208 ³‘proprian'
1091 4144 1172 4195 MSS.

397 4210 408 4240 ²
424 4210 619 4276 ‘temporibns3’
637 4214 718 4264 Mus.
885 4212 895 4243 ⁴
911 4212 1072 4279 ‘adduam’
1084 4216 1123 4267 Μ.
1136 4220 1161 4265 rt
1172 4214 1220 4266 Ar.
