2896 4860
175 595 246 635 varra

173 652 247 687 tuem

332 386 397 455 m
683 400 756 448 ruo.
780 400 926 447 narrem

332 564 500 643 Quicum
525 558 548 623 J
552 579 662 624 oanne
680 560 723 624 de
746 558 928 638 Columna,
948 562 1148 644 presbytero
1170 559 1282 624 cardi·

331 662 411 738 nali,
434 662 469 724 in
496 659 668 725 Graeciam
696 661 934 739 transfretana,
960 661 1172 727 Duracbium
1196 660 1281 725 civi-

330 772 437 829 tatem
454 762 608 841 obsedit3
632 760 692 825 sed
712 770 791 845 post
814 781 883 826 non
902 763 1029 828 multos
1051 762 1123 827 dies
1147 780 1169 825 a
1193 760 1281 826 duce

329 863 405 948 ejus
434 863 529 926 urbis
559 861 742 927 Theodoro
770 863 979 944 captivatur.
1031 862 1162 928 Eodem
1187 881 1279 927 anno

328 963 585 1044 insurgentibus
601 962 809 1027 Tholosanis
822 971 944 1029 contra
959 964 1117 1029 comitem
1133 961 1281 1027 Montis·

328 1064 439 1140 l'ortis,
468 1064 590 1128 beatus
619 1063 833 1139 DominicnS,
859 1064 969 1130 electo
999 1065 1104 1129 tratre
1129 1063 1280 1147 quodam

329 1164 465 1228 nomine
489 1164 659 1228 Matthaeo
680 1164 715 1227 in
735 1165 907 1242 abbatem,
924 1165 985 1248 qni
1000 1165 1132 1248 primns
1145 1171 1182 1229 et
1198 1163 1281 1228 ulti·

328 1283 404 1327 mus
431 1264 496 1329 suit
522 1265 557 1328 in
589 1264 719 1341 ordine,
748 1264 873 1329 iratres
897 1265 1078 1349 dispersit3
1110 1263 1279 1347 quosdam

328 1366 466 1429 mittens
490 1365 525 1428 in
558 1364 779 1448 Hispaniam,
808 1364 975 1448 quosdam
998 1385 1081 1430 vero
1111 1363 1279 1431 Parisios.

329 1465 411 1548 Ipse
425 1473 541 1529 autem
559 1465 707 1530 Romam
721 1466 853 1543 adiens,
864 1465 1004 1530 domum
1016 1485 1174 1531 sororum
1186 1465 1280 1549 apud

328 1574 484 1631 sanetum
508 1565 645 1630 Sixtum
669 1565 833 1644 instituit,
852 1566 910 1630 ubi
934 1567 1015 1632 dum
1032 1585 1163 1631 moram
1188 1566 1281 1631 iace·

328 1674 393 1743 ret,
421 1673 580 1749 nepotem
606 1665 785 1749 cujusdam
812 1665 996 1731 cardinalis
1020 1686 1109 1750 equo
1131 1666 1281 1750 lapsum,

328 1767 526 1849 factumque
543 1767 737 1831 exanimem
752 1766 834 1831 vitae
851 1767 1022 1832 restitnit:
1053 1766 1279 1832 architectum

328 1868 498 1950 quendam
519 1866 635 1944 etiam,
658 1865 910 1950 praecipitatum
932 1867 977 1932 ad
998 1875 1156 1945 mortem,
1179 1868 1282 1931 mira-

328 1967 443 2032 biliter
460 1967 652 2031 suscitavit.
700 1967 776 2030 Illis
791 1967 1170 2033 diebnsmorabaturin
1184 1967 1280 2033 curia

328 2068 493 2149 magister
534 2066 761 2149 Reginaldus,
803 2068 955 2133 decanus
997 2069 1109 2133 sancti
1147 2067 1279 2134 Aniani

327 2167 600 2244 Aurelianensis,
626 2168 747 2233 doctor
776 2167 866 2252 juris
895 2169 1064 2246 canonici,
1092 2167 1153 2251 qui
1176 2170 1279 2234 beato

329 2269 510 2334 Dominico
527 2268 709 2332 admodum
723 2261 926 2347 ¹samiliaris,
941 2270 1134 2351 ingressum
1149 2268 1281 2334 ordinis

328 2369 547 2435 vehementer
563 2369 711 2434 habebat
725 2369 761 2433 in
779 2376 882 2449 r0t0;
908 2368 969 2433 sed
985 2369 1217 2436 interoedente
1233 2389 1279 2434 ex

328 2471 443 2535 causis
476 2471 653 2546 dilatione,
687 2479 757 2534 tam
784 2470 884 2552 gravi
908 2463 1069 2535 ²febrium
1093 2472 1280 2536 vexatione

326 2579 507 2654 correptus
533 2577 599 2647 est,
625 2577 665 2634 ut
695 2570 928 2635 invalescente
958 2572 1076 2637 morbo
1109 2571 1279 2654 relinque-

327 2680 422 2736 retur
436 2690 458 2735 a
474 2671 615 2736 medicis
638 2670 776 2754 penitus
797 2671 1010 2753 desperatus.
1063 2669 1145 2750 Qui,
1160 2679 1280 2737 orante

327 2791 390 2854 pro
413 2791 454 2836 eo
476 2774 579 2836 beato
603 2771 797 2850 Dominico,
821 2772 909 2837 vidit
926 2772 1111 2855 gloriosam
1133 2779 1280 2837 matrem

329 2872 399 2937 Dm
422 2872 465 2936 ad
485 2891 523 2937 se
541 2871 669 2950 venire,
689 2872 934 2937 comitantibus
952 2892 1028 2937 eam
1048 2872 1184 2938 duabus
1210 2873 1279 2938 vir·

327 2973 465 3055 ginibus
488 2972 671 3037 admodum
698 2973 882 3056 speciosis:
907 2992 985 3056 quae
1004 2981 1150 3039 extensa
1174 2993 1279 3039 manu

328 3072 484 3154 virginea
510 3073 628 3138 oculos
658 3074 724 3137 sibi
751 3081 788 3138 et
815 3093 927 3151 nares,
957 3094 1077 3157 osque,
1111 3094 1211 3139 renes
1238 3094 1280 3140 ac

328 3175 431 3256 pedes
460 3175 625 3257 perunxit
651 3182 827 3256 unguento
853 3174 944 3258 quod
971 3195 1087 3240 secum
1113 3175 1280 3241 attulerat

327 3274 484 3353 salutari,
512 3275 619 3340 verba
651 3273 827 3358 proferens
868 3275 1007 3359 propria
1042 3275 1087 3340 ad
1122 3276 1279 3358 singulas

328 3376 518 3453 unctiones,
535 3375 577 3439 dc
595 3376 719 3459 quibus
736 3382 872 3439 tantum
886 3375 946 3440 illa
963 3376 1116 3454 retinuit,
1138 3394 1219 3460 quae
1234 3376 1277 3442 ad

328 3495 427 3540 renes
459 3476 662 3541 dicebantur
696 3483 732 3540 et
762 3477 885 3559 pedes:
926 3497 1071 3560 quornm
1100 3476 1145 3541 ad
1179 3496 1276 3543 renes

327 3583 438 3655 erant,
461 3577 707 3660 ‘stringantur
728 3596 827 3641 renes
849 3576 900 3642 tui
917 3578 1057 3661 cingulo
1072 3577 1246 3644 castitatis
1257 3579 1278 3659 3'

328 3677 371 3742 ad
394 3678 498 3760 pedes
524 3698 618 3754 vero,
641 3676 771 3760 ‘Ungo
799 3678 903 3761 pedes
932 3687 1011 3744 tuos
1038 3678 1074 3743 in
1104 3698 1278 3763 praepara·

329 3780 455 3845 tionem
487 3779 658 3860 evangelii
687 3779 806 3861 pacis.'
858 3779 1014 3844 Tandem
1048 3781 1080 3844 ei
1108 3779 1275 3857 habitum,

327 3900 396 3963 quo
425 3900 516 3943 nunc
549 3887 695 3943 utuntur
721 3878 857 3957 fratres,
881 3880 1065 3945 ostendens
1090 3879 1152 3957 ait,
1182 3880 1277 3945 ‘Hic

328 3990 379 4045 cst
397 3980 534 4045 habitus
550 3980 679 4044 ordinis
698 3979 773 4045 tui?
813 3981 918 4044 Mane
937 3982 1044 4064 igitur
1060 3981 1164 4059 sacto,
1181 3982 1277 4046 veni·

327 4082 398 4145 enti
415 4082 458 4145 ad
481 4101 519 4144 sc
539 4082 640 4145 beato
659 4081 841 4145 Dominico
864 4083 1019 4147 narravit
1041 4101 1102 4166 per
1122 4082 1277 4147 ordinem

336 4192 484 4199 -.--—
493 4194 529 4199 —-
533 4193 585 4199 —.

363 4237 369 4268 ¹
388 4242 536 4291 ‘familiaris
547 4242 651 4291 effectus
660 4237 676 4303 ς’
688 4243 726 4293 Μ.
738 4247 763 4292 et
771 4242 818 4293 Ar.
850 4238 855 4303 Ι
904 4238 916 4272 ¹
931 4244 940 4270 ‘
948 4238 1048 4305 febris?
1059 4237 1128 4293 ΠΛ.
