2896 4860
521 409 724 464 summes
1046 395 1091 460 87

186 572 310 636 Mense
333 568 495 652 Augusto
518 564 710 637 ¹Henricus
733 570 926 654 Auglorum
950 593 1012 637 rex
1035 588 1169 678 se-ggnee

137 672 225 750 nior,
252 691 329 735 cum
356 669 515 735 Geifrido
542 671 613 735 filio
647 672 734 736 duce
767 672 1026 752 Britannorum,
1054 675 1089 736 in
1101 646 1227 780 ιιιὲἔέῗυᾱ

138 771 387 836 Normanniam
403 771 653 849 transfretavit3
680 772 737 836 uhi
753 773 1012 837 occurrentibus
1023 774 1089 838 sibi
1168 766 1175 778 ’

139 872 220 935 filiis
237 871 394 935 Henrico
412 890 493 952 rege
511 870 651 954 juniore
668 880 704 936 et
722 872 874 936 Ricardo
891 871 1089 956 Aquitaniae

138 972 237 1048 duce,
253 971 474 1054 progreditur
488 990 558 1034 una
574 991 650 1036 cum
673 973 723 1035 eis
743 973 788 1036 ad
806 971 944 1037 Vadum
969 974 1003 1037 S.
1020 974 1091 1037 Re·

139 1072 246 1153 migii.
292 1071 416 1154 Ibique
438 1089 516 1134 cum
538 1091 620 1154 rege
644 1072 856 1136 Francorum
878 1072 1015 1137 locutus
1037 1081 1091 1137 est

139 1191 181 1236 ea
202 1190 281 1255 quae
304 1171 348 1235 ad
371 1189 490 1252 pacem
513 1180 607 1250 sunt,
627 1180 661 1236 et
680 1173 723 1237 de
742 1173 958 1254 susceptione
980 1173 1091 1237 crucis

140 1273 176 1335 in
192 1270 368 1353 obsequiis
383 1270 406 1334 J
410 1285 477 1334 ssu
493 1270 662 1339 Cuursrr.
701 1272 788 1337 Inde
800 1291 882 1336 vero
897 1272 991 1337 misit
1005 1272 1090 1336 Gal·

140 1370 277 1446 iridem,
294 1371 415 1435 ducem
428 1370 630 1450 Britanniae,
645 1372 689 1436 ad
707 1371 974 1456 expugnandum
992 1366 1093 1438 ²Gui-

141 1471 264 1537 donem
292 1471 518 1549 Leonensem,
543 1473 604 1554 qui
630 1480 753 1555 postea
776 1473 872 1537 venit
893 1473 936 1535 ad
963 1492 1090 1555 regem,

141 1592 179 1636 se
196 1571 349 1656 ejusdem
364 1572 399 1635 in
412 1572 569 1636 omnibus
585 1573 771 1657 subjiciens
786 1572 969 1636 voluntati.
1005 1572 1091 1637 Per-

140 1692 226 1755 genr
242 1679 358 1737 eutem
378 1691 441 1735 rex
463 1673 499 1736 in
521 1692 648 1755 pagum
672 1672 936 1750 Bituricensem,
958 1673 1093 1755 accepit

141 1772 175 1836 in
210 1791 315 1836 manu
346 1791 411 1835 sua
439 1781 589 1837 castrum
629 1772 805 1855 Radulphi
839 1773 881 1836 de
908 1773 1020 1850 Delie,
1057 1780 1093 1837 et

141 1872 247 1937 filiam
269 1871 345 1957 ejus
370 1873 505 1936 unicam
528 1891 605 1937 cum
628 1871 819 1937 hereditate
841 1878 928 1950 tota,
949 1874 1031 1955 quie
1048 1871 1092 1935 ad

142 1991 244 2038 suum
261 1971 397 2037 feodum
418 1973 624 2054 pertinebat.
678 1973 903 2037 isoldunense
918 1992 1000 2038 vero
1018 1991 1094 2036 cas·

142 2082 234 2138 trum
254 2091 275 2135 a
296 2072 494 2149 heronihuS,
515 2092 661 2155 qnorum
679 2073 845 2137 custodiae
860 2081 935 2137 erat
950 2073 1094 2156 deputa·

143 2181 230 2250 tum,
252 2173 317 2237 sihi
342 2179 423 2255 post
447 2180 592 2237 mortem
615 2172 744 2237 domiui
763 2174 916 2238 oblatum
940 2175 1095 2256 accipere

142 2275 278 2352 renuit3
302 2274 468 2364 quianon
484 2271 790 2338 simulofferebant
807 2273 976 2350 heredem,
993 2293 1094 2357 quem

143 2373 217 2438 dux
250 2372 463 2455 Burgundiae
495 2372 611 2437 furtim
643 2374 845 2450 abstulerat,
872 2374 954 2456 quia
982 2374 1096 2437 suerat

144 2473 222 2558 ejus
260 2480 441 2555 cognatus.
507 2471 669 2537 Castrum
708 2494 790 2538 vero
828 2474 1095 2537 munitissimum

145 2566 354 2637 Turonium⁸
385 2572 554 2637 redditum
581 2580 635 2637 est
656 2573 688 2637 ei
714 2574 757 2637 ab
783 2574 858 2657 ejus
885 2573 1096 2649 vicecomite,

145 2680 255 2739 totam
287 2673 391 2737 etiam
426 2680 552 2737 terram
591 2673 726 2737 comitis
764 2674 807 2737 de
838 2673 997 2738 Marchia
1033 2693 1096 2736 rex

144 2775 230 2838 emit
254 2774 320 2837 sibi
342 2792 405 2856 pro
428 2792 491 2837 sex
516 2772 667 2837 millibus
693 2772 789 2836 libris
813 2774 959 2855 argenti.
1010 2772 1096 2837 Cas·

146 2882 237 2938 trum
263 2892 344 2937 vero
366 2873 474 2956 juxta
497 2874 673 2938 civitatem
697 2867 942 2950 Lemovicam,⁴
967 2874 1003 2936 in
1029 2892 1097 2955 quo

146 2973 183 3038 S.
208 2973 381 3037 Martialis
421 2974 614 3056 requiescit,
651 2973 824 3037 Ricardus
864 2974 955 3037 filius
993 2975 1097 3054 regis,

147 3074 221 3138 dux
238 3071 448 3155 Aquitaniae,
470 3074 615 3138 abstulit
638 3073 832 3139 vicecomiti
851 3074 1004 3157 ejusdem
1024 3091 1100 3137 cas-

147 3175 206 3251 tri,
238 3174 320 3256 quia
347 3174 433 3238 fouit
463 3182 581 3257 partes
614 3174 749 3239 comitis
785 3173 1099 3256 Engolismensium

146 3281 269 3339 contra
285 3274 418 3338 ducem.

199 3374 297 3439 Sicut
323 3374 360 3437 in
385 3381 507 3438 aestate
528 3393 656 3456 magna
681 3375 832 3452 siccitas,
859 3374 965 3438 sicin
990 3373 1100 3436 hieme

148 3476 301 3540 maxima
316 3474 496 3538 inundatio
514 3474 579 3538 fuit
595 3492 772 3557 aquarum.
827 3475 932 3538 Multi
946 3474 1101 3538 homines

149 3575 216 3640 hoc
231 3594 337 3652 anno,
363 3575 454 3638 circa
475 3573 600 3638 festum
622 3575 657 3639 S.
675 3574 697 3637 J
702 3574 835 3651 cannia,
852 3576 888 3639 in
904 3572 1101 3637 fluminibus

149 3676 336 3759 perierunt.
389 3674 513 3739 Multa
540 3676 644 3739 etiam
672 3694 779 3740 naves
808 3676 996 3739 submersae
1020 3679 1102 3737 suut

187 3865 194 3896 ¹
211 3867 269 3915 ‘En
285 3868 309 3918 le
323 3871 405 3928 tempe
420 3869 469 3917 cist
483 3869 521 3918 rei
532 3864 626 3918 Henri¹
639 3870 714 3933 good,
726 3885 754 3919 es
763 3870 795 3919 he
807 3870 866 3918 isso
875 3869 958 3919 called
968 3869 1001 3929 by
1014 3867 1048 3916 uli
1060 3867 1102 3915 the

151 3937 269 3988 Secound
295 3939 372 3986 estoit
398 3938 497 3987 samone
516 3938 613 3988 Meroe
640 3941 715 3990 MSS.
727 3941 794 3990 inire
804 3941 979 3989 ademllw.

150 4008 614 4070 JohuuBeieth,quifletuulivretree
674 4042 737 4093 ,Th
755 4044 784 4091 t.
819 4044 857 4092 ,T
970 4036 984 4068 .›
997 4036 1053 4089 D'A
1078 4039 1103 4086 in

151 4080 201 4128 bon
219 4078 251 4127 de
268 4079 353 4128 cilices
369 4077 401 4128 de
420 4079 486 4128 seint
504 4075 614 4142 Eglise3'
639 4059 755 4165 memora
765 4059 809 4162 ζ’
858 4057 976 4102 uoennae’
1059 4074 1065 4087 '

153 4149 498 4200 orurrencurmsueon.
748 4130 763 4176 ⁸
793 4149 799 4163 ·

186 4216 197 4247 ²
207 4217 392 4270 ‘Guiomarum
400 4220 416 4280 3'
426 4219 473 4270 Ar.
482 4235 487 4270 :
499 4218 583 4268 which
593 4220 615 4267 ie
675 4215 685 4246 ⁴
704 4216 832 4278 Limoges.
