2896 4860
203 1153 259 1242 Popa
268 1152 339 1192 Urban

203 1215 229 1243 en
244 1211 333 1242 eavoura

204 1259 226 1293 to
234 1262 331 1301 composa

201 1305 239 1342 the
248 1301 340 1342 troubles

203 1353 226 1393 lu
235 1353 339 1403 anglena

358 359 424 425 262
712 375 785 424 mc.
803 367 952 423 rruvnrr

360 531 580 615 progreditur
597 550 718 595 versus
739 530 1065 613 Mentem-gamem
1085 528 1201 611 ibique
1217 526 1312 592 facta

362 651 446 714 pace
474 632 564 696 inter
585 631 745 695 comitem
772 630 957 713 Symonem
983 639 1019 695 et
1041 628 1226 713 praedictos
1250 647 1311 691 no·

361 730 460 808 biles,
489 730 581 795 datis
610 731 655 794 ab
687 731 737 795 eis
765 730 953 808 obsidibus,
983 750 1098 795 comes
1127 728 1171 792 ad
1195 734 1311 811 partes

362 830 533 894 australes
562 831 757 908 revertitur,
784 838 823 894 ut
848 837 1043 895 occurreret
1065 829 1210 905 militiae,
1232 846 1311 910 qnae

363 929 406 994 de
430 930 587 1012 partibus
613 929 806 995 Gallicanis
827 930 864 993 in
886 931 979 1013 regis
1006 930 1195 995 subsidium
1219 927 1312 991 dice·

363 1031 467 1094 batur
484 1037 638 1094 ventura.
1314 1072 1319 1080 -

416 1128 578 1192 Urbanus
619 1146 723 1211 papa,
762 1128 952 1194 turbationi
989 1128 1086 1210 regni
1126 1123 1313 1207 Anglicani

364 1229 588 1310 compatiens,
622 1228 775 1312 legatum
809 1229 904 1293 misit
931 1222 1122 1293 ¹d0minnm
1150 1225 1314 1289 Sabinen-

364 1347 436 1391 sem
453 1328 649 1410 episcopum
667 1327 874 1393 cardinalem
891 1349 900 1408 ;
923 1328 984 1410 qui
1000 1325 1165 1409 Angliam
1183 1326 1313 1389 intrare

365 1446 435 1492 non
458 1428 589 1505 valens,
606 1428 747 1510 navigio
765 1427 927 1510 Quinque
946 1426 1115 1491 Portnum
1139 1443 1233 1489 mara
1256 1443 1314 1488 oc·

365 1537 526 1609 cupante,
544 1527 710 1610 quosdam
735 1529 913 1610 episcopos
932 1526 1071 1608 Angliae
1088 1526 1131 1590 ad
1150 1544 1187 1589 se
1204 1525 1315 1608 primo

366 1626 559 1703 Ambianis,
600 1626 723 1689 deinde
755 1627 936 1691 Boloniam
971 1627 1151 1703 evocavit3
1190 1624 1316 1708 quibus

366 1727 571 1790 sententiam
597 1726 960 1790 excommunicationis
981 1734 1016 1790 et
1039 1724 1211 1789 interdicti
1237 1742 1315 1787 auo

367 1827 508 1890 toritate
540 1826 656 1908 papali
694 1826 730 1888 in
768 1826 944 1890 civitatem
981 1825 1249 1900 Londoniarum,
1280 1832 1317 1886 et

367 1925 530 2007 Quinque
554 1925 694 2002 Portus,
714 1945 900 2008 omnesque
920 1945 1040 2009 pacem
1063 1926 1154 2006 regis
1175 1920 1315 2005 Anglim

367 2025 547 2090 turbantes
585 2024 815 2103 fulminatum,
850 2024 1092 2107 publicandam
1127 2042 1317 2106 exsequen-

367 2125 514 2207 damque
545 2125 726 2190 commisit.
795 2125 1111 2189 Dissimulaveruut
1144 2123 1316 2187 nihilomi·

368 2245 434 2289 nus
453 2225 605 2307 episcopi
624 2225 814 2306 negotium,
836 2224 879 2288 de
901 2223 1000 2308 cujus
1016 2242 1124 2288 cansa
1140 2240 1208 2288 non
1231 2222 1318 2287 satis

368 2334 463 2389 certa
478 2325 605 2388 diversi
619 2325 715 2389 varia
731 2325 928 2407 opinantur.

233 2458 326 2489 emn-
373 2418 374 2421 ’
419 2423 500 2488 Ηοε
522 2444 612 2488 anno
635 2424 798 2506 apparuit
823 2432 958 2488 cometa
983 2432 1054 2488 tam
1078 2421 1253 2500 notabilis,
1278 2430 1318 2487 ut

240 2509 335 2539 “⁰¹¹''
368 2525 487 2588 scribit
517 2523 625 2588 frater
652 2523 827 2589 Martinus
856 2524 892 2587 in
917 2523 1087 2588 chronicis
1115 2523 1199 2600 suis,
1224 2522 1317 2604 quod

368 2622 484 2688 nullus
506 2631 589 2688 tunc
610 2624 730 2688 vivens
753 2624 857 2687 talem
883 2631 966 2688 anta
983 2622 1119 2688 viderit.
1169 2621 1227 2686 Ab
1253 2623 1321 2685 ori-

369 2731 448 2788 ente
480 2725 570 2788 enim
602 2743 679 2787 cum
712 2742 839 2805 magno
869 2722 1005 2805 fulgore
1034 2741 1179 2804 surgens
1209 2740 1319 2804 nsque

370 2822 414 2887 ad
442 2822 591 2887 medium
615 2822 847 2906 hemisphaerii
874 2841 994 2886 versus
1023 2821 1234 2886 occidentem
1262 2841 1320 2887 co·

369 2941 461 2985 mam
483 2921 692 3004 perlucidam
716 2922 959 3005 pertrahebat;
986 2929 1021 2986 et
1044 2922 1125 2986 licet
1146 2922 1182 2984 in
1206 2920 1320 2986 diver·

370 3021 419 3084 sis
458 3020 575 3085 mundi
610 3022 768 3104 partibus
802 3023 912 3086 multa
942 3021 1030 3087 forte
1062 3020 1320 3105 significaverit,

370 3120 437 3185 hoc
463 3129 578 3186 tamen
604 3141 710 3185 unum
740 3142 804 3205 pro
825 3129 921 3186 carto
949 3129 1162 3203 compertum
1190 3129 1255 3198 est,
1281 3128 1320 3185 ut

372 3240 449 3285 cum
472 3222 654 3304 plusquam
684 3241 746 3304 per
771 3229 841 3286 tres
867 3240 1001 3285 menses
1027 3220 1216 3297 duraverit,
1244 3221 1320 3303 ipso

372 3322 483 3403 primo
505 3327 695 3404 apparente
718 3339 810 3405 papa
831 3321 995 3386 Urbanus
1016 3320 1181 3385 infirmari
1203 3319 1322 3402 coepit,

374 3429 409 3484 et
434 3421 552 3485 eadem
581 3428 680 3485 nocte
707 3440 777 3504 qua
802 3440 894 3504 papa
918 3427 1073 3485 mortuus
1096 3425 1150 3485 est
1171 3412 1323 3484 'cometa

374 3520 555 3602 disparuit.
609 3520 705 3587 Obiit
726 3528 843 3586 autem
873 3520 1008 3584 Perusii
1034 3527 1070 3583 et
1090 3519 1247 3602 sepultus
1269 3528 1323 3583 ast

373 3620 511 3684 ibidem.
587 3620 728 3685 Urbano
764 3621 931 3685 successit
971 3618 1130 3684 Clemens
1166 3627 1324 3702 quartus,

376 3721 514 3785 natione
531 3720 783 3798 Provincialis3
818 3721 877 3803 qui
891 3713 1020 3803 ³primo
1034 3737 1177 3783 uxorem
1195 3718 1325 3782 habens

411 3962 419 3995 ¹
436 3968 453 4018 i.
465 3981 488 4016 e.
507 3965 604 4028 Gnido,
627 3966 669 4013 the
692 3979 762 4013 sume
779 3965 838 4014 who
897 3959 1007 4013 ¹Hall’s
1024 3963 1200 4012 emendation:
1225 3964 1326 4014 ‘coma-

375 4038 515 4086 succaedad
532 4037 619 4086 Urhsn
636 4035 723 4098 hythe
742 4035 796 4084 title
813 4035 841 4083 ol
861 4029 922 4095 tes;'
936 4035 995 4083 Cod.
1009 4034 1072 4094 neg.

375 4107 489 4156 Clement
501 4107 538 4153 IV
541 4142 547 4154 .
897 4102 985 4165 ³‘post
997 4116 1099 4152 uxorem
1111 4101 1206 4151 hahens
1217 4107 1242 4151 et
1253 4101 1328 4166 lilios,

861 4173 972 4223 famosus
984 4175 1011 4222 lit
1022 4175 1160 4222 advocatus
1170 4173 1186 4231 ;'
1198 4173 1236 4221 M.
