2896 4860
681 404 753 453 Nic.
777 405 924 454 'I'RIVETI

735 913 887 975 INCIPIT

469 1118 546 1189 DE
586 1118 751 1193 REGE
792 1122 1146 1197 STEPHANO.

349 1352 480 1389 mmo.
575 1353 813 1393 Mommsenio.
910 1358 1063 1394 vuasconum
1111 1358 1250 1394 Aramum!

425 1724 445 1739 7,
473 1661 475 1665 “
505 1652 550 1716 ’Τ
582 1660 698 1718 antem
729 1655 836 1740 juxta
866 1666 1020 1722 nostram
1053 1658 1281 1724 intentionem

167 1754 237 1785 ⁰¹¹¹·
387 1739 445 1831 -rsf'f
540 1754 751 1820 commodius
768 1775 887 1838 regum
904 1765 1015 1839 gesta,
1033 1758 1092 1841 qui
1110 1777 1132 1821 a
1147 1760 1281 1823 comiti-

347 1851 351 1866 ⁴
384 1870 417 1910 ‘n
480 1878 498 1938 3¹
539 1851 1139 1938 busAndegavensibus¹secundum
1153 1857 1280 1924 lineam

397 2004 423 2029 ,,
457 1937 503 2027 ᾹῙ
538 1955 761 2019 masculinam
783 1950 1064 2035 'descenderunt,
1090 1977 1279 2041 prosequa-

331 2079 417 2136 mur,
440 2054 689 2142 praelibandum
707 2054 854 2134 videtur,
869 2057 1042 2140 quomodo
1062 2057 1105 2121 ad
1125 2057 1203 2122 illos
1216 2058 1278 2143 jus

329 2159 428 2242 regni
443 2155 630 2240 Anglicani
653 2154 758 2220 fuerit
779 2155 991 2221 devolutum.
1042 2156 1160 2223 Altius
1178 2178 1278 2242 repe·

329 2266 441 2324 tentes
455 2257 611 2333 dicimus,
629 2254 720 2337 quod
741 2274 819 2320 cum
838 2254 1014 2321 Henricus
1030 2258 1161 2339 primus
1180 2278 1276 2340 crgo,

328 2358 507 2435 Willelmi,
523 2355 582 2440 qni
597 2354 820 2437 Conquisitor
834 2363 921 2434 erat,
933 2356 1024 2420 filius
1039 2355 1092 2443 (in
1106 2377 1175 2441 quo
1189 2357 1277 2423 Wil-

328 2459 450 2524 lelmus
475 2452 811 2522 ³Mulmesburiensis
835 2475 931 2521 suam
955 2458 1116 2522 terminat
1138 2456 1278 2525 histori-

328 2578 397 2638 am,
418 2578 522 2643 quam
544 2556 666 2620 diffuse
688 2563 891 2637 prosecutus
913 2564 967 2621 est
980 2556 1023 2621 de
1043 2557 1181 2640 regibus
1200 2556 1276 2623 An·

328 2659 428 2741 glicis
460 2666 495 2723 et
528 2652 755 2739 Normannis)
785 2657 881 2737 prole
914 2657 1105 2722 masculina
1134 2659 1277 2725 orbatus

328 2767 431 2834 esset,
449 2758 528 2822 filiis
545 2755 621 2840 ejus
636 2754 813 2820 Willelmo
830 2763 866 2820 ct
881 2756 1032 2821 Ricardo
1049 2758 1085 2821 in
1102 2757 1276 2825 redeundo

328 2858 371 2923 de
388 2856 604 2923 Normannia
621 2874 741 2938 versus
758 2853 919 2937 Angliam
936 2856 972 2920 in
994 2876 1133 2939 egressu
1152 2867 1275 2942 portus

328 2958 371 3023 de
389 2958 502 3041 Depo,
516 2956 632 3020 nautis
648 2955 837 3039 inexpertis
854 2949 1172 3040 ⁴periculosissimo,
1189 2953 1276 3024 ⁵ma·

328 3058 411 3122 rinis
434 3057 605 3140 absorptis
637 3054 811 3132 fluctibus,
836 3057 973 3122 unicam
1005 3057 1123 3135 filiam,
1154 3057 1275 3124 Matil-

327 3157 403 3222 dem
422 3159 570 3234 nomine,
586 3155 684 3238 regni
698 3155 753 3219 sui
770 3155 910 3239 reliquit
924 3156 1093 3222 heredem.
1146 3157 1275 3237 Quam,

327 3258 485 3341 quamvis
507 3263 599 3321 esset
621 3254 804 3319 admodum
821 3255 1022 3338 juvencula,
1039 3277 1130 3323 anno
1150 3260 1274 3340 gratiae

328 3375 419 3423 mex.
448 3376 592 3422 uxorem
623 3354 724 3418 duxit
755 3356 942 3437 imperator
971 3357 1145 3422 Henricus
1171 3359 1273 3442 quin-

328 3465 397 3535 tus,
422 3477 523 3541 quem
550 3454 689 3539 quidam
714 3462 876 3538 quartum
902 3456 1033 3534 dicunt,
1059 3477 1127 3523 non
1152 3478 1272 3523 nume·

327 3567 444 3624 rantes
483 3556 673 3620 Henricum
714 3555 873 3638 primum,
913 3577 954 3621 eo
986 3557 1078 3640 quod
1115 3559 1274 3623 bencdic-

325 3658 453 3723 tionem
493 3655 703 3738 imperialem
747 3654 850 3720 fuerit
898 3657 1036 3721 minime
1080 3666 1270 3723 assecutus.

325 3756 420 3822 Huic
444 3755 596 3834 Matildi,
622 3755 759 3820 vivente
785 3755 896 3820 adhuc
919 3757 1056 3835 marito,
1074 3766 1173 3840 puter
1194 3759 1271 3843 ejus

324 3857 499 3923 Henricus
517 3875 608 3921 anno
634 3857 731 3936 regni
760 3856 812 3919 sui
835 3849 1013 3922 ⁸vicesimo
1042 3859 1203 3940 septimo,
1229 3862 1274 3923 ab

359 4079 365 4108 ¹
379 4084 387 4109 ‘
395 4097 441 4144 per
451 4077 464 4142 ;'
485 4076 553 4130 D'A.
842 4075 851 4105 ⁴
865 4080 997 4140 ‘periculo
1010 4080 1151 4129 saevissimo
1161 4075 1176 4140 ;‘
1195 4080 1264 4131 o’A.

356 4149 367 4178 ²
378 4153 523 4201 ‘traxerunt
532 4151 653 4213 originem
665 4144 679 4209 ;'
699 4147 745 4197 Ar.
844 4147 959 4199 “moris
969 4146 984 4210 ;'
1002 4150 1041 4199 M.
1048 4154 1072 4198 ei
1080 4149 1128 4199 Ar.

356 4219 366 4249 ³
377 4222 427 4270 ‘de
436 4222 622 4282 Mnlmesberye
632 4220 649 4280 ;’
661 4219 700 4270 M.
709 4218 785 4268 etAr.
844 4215 1008 4269 ⁶‘tricesimo
1016 4215 1033 4279 ;'
1050 4215 1118 4269 ΠΛ.
1154 4223 1196 4282 24,
1204 4221 1243 4271 M.
