2896 4860
562 418 746 467 eunucus.
1065 399 1130 465 189

224 575 298 640 ‘Et
314 584 353 640 ut
370 574 492 641 charta
508 576 730 660 obligationis
749 586 785 642 et
801 577 1033 641 concessionis
1051 597 1131 641 nos·
1143 588 1285 680 ppesrttghtp:

176 683 242 741 trae
258 696 394 760 semper
410 677 509 741 firma
523 688 722 759 permaneat
734 672 755 743 :¹
1143 702 1203 742 rore·

227 776 326 860 ‘Ego
339 778 363 842 J
365 798 493 843 oannes
509 778 580 842 Dur
596 780 710 862 gratia
725 799 786 842 rex
804 778 954 861 Angliae,
971 779 1130 844 dominus

179 876 372 954 Hiberniae,
394 879 465 945 dux
490 879 714 944 Normanniae
736 888 771 943 et
789 877 1001 963 Aquitaniae,
1017 900 1131 944 comes

177 976 406 1061 Audegaviae,
428 982 472 1044 ab
494 980 559 1045 hac
582 981 666 1045 hora
691 981 783 1045 etin
808 989 912 1045 autea
936 1001 995 1045 cro
1022 980 1131 1044 fidelis

180 1077 263 1144 Duo
292 1086 329 1145 et
358 1081 460 1146 beato
491 1081 610 1159 Petro,
638 1091 674 1147 et
703 1081 857 1145 ecclesiae
881 1082 1069 1154 Romanae,
1098 1088 1132 1144 et

177 1178 318 1245 domino
338 1200 438 1265 papae
462 1181 680 1260 Innocentio,
700 1183 1022 1264 successoribusque
1044 1181 1132 1264 ejus-

177 1278 256 1344 dem
290 1278 469 1346 Catholice
501 1285 736 1363 intrantibus;
773 1303 835 1346 nec
867 1303 926 1347 ero
957 1283 992 1344 in
1027 1281 1133 1357 sacto,

178 1379 285 1458 dicto,
313 1401 497 1461 consensu,
522 1384 678 1461 consilio,
711 1392 749 1448 ut
779 1385 886 1447 vitam
913 1382 1058 1465 perdant
1078 1382 1133 1445 vel

179 1482 344 1559 membra,
369 1483 425 1547 vel
451 1485 544 1548 mala
569 1485 750 1567 capiantur
780 1485 950 1567 captione.
1005 1483 1133 1548 Eorum

179 1581 341 1647 damnum
361 1585 392 1648 si
409 1586 541 1649 scivero
558 1586 753 1668 impediam,
768 1593 804 1648 et
821 1603 995 1648 removere
1010 1583 1134 1648 faciam

180 1684 211 1747 si
228 1688 371 1766 poter03
399 1684 550 1769 alioquin
573 1687 623 1750 eis
647 1706 751 1770 quam
778 1686 880 1750 citius
908 1692 1028 1767 potero
1052 1684 1133 1748 inti-

179 1784 292 1860 mabo,
318 1783 374 1848 vel
401 1785 463 1849 tali
491 1805 648 1869 personae
673 1787 798 1863 dicam,
822 1804 926 1869 quarn
955 1786 1004 1848 eis
1031 1783 1133 1849 credo

179 1902 243 1967 pro
265 1890 360 1948 certo
385 1886 564 1951 dicturam.
618 1886 808 1952 Consilium
838 1887 929 1970 quod
954 1884 1037 1948 mihi
1066 1893 1134 1949 tra-

179 1983 331 2049 diderint
361 2006 424 2070 per
451 2006 500 2063 se,
531 1987 586 2051 vel
617 2008 679 2071 per
705 1987 842 2052 nuntios
866 2006 960 2061 suos,
984 1986 1040 2050 vel
1073 2005 1134 2068 per

180 2084 316 2150 litteras
337 2106 431 2164 suas,
453 2095 622 2152 secretum
645 2090 781 2166 tenebo,
796 2095 830 2152 et
845 2086 889 2152 ad
904 2106 1021 2151 eorum
1040 2086 1135 2149 dam-

182 2204 264 2250 uum
298 2186 385 2251 nulli
418 2188 565 2271 pandam
597 2209 651 2252 me
683 2189 824 2253 sciente.
882 2187 1134 2252 Patrimonium

181 2287 275 2351 beati
304 2286 415 2364 Petri,
449 2298 483 2353 et
517 2288 712 2372 specialiter
747 2308 892 2371 regnum
922 2287 1061 2369 Angliae
1098 2297 1134 2352 et

183 2386 376 2465 Hiberniae,
406 2388 545 2473 adjutor
576 2410 635 2455 ero
659 2389 703 2453 ad
733 2389 916 2454 tenendum
949 2398 984 2453 et
1014 2388 1131 2452 desen-

180 2487 329 2552 dendum
353 2498 473 2554 contra
501 2510 620 2555 omnes
650 2491 804 2555 homines
828 2509 891 2575 pro
916 2508 1017 2573 posse
1043 2509 1131 2553 meu.

179 2586 237 2653 Sic
256 2608 312 2653 mc
329 2588 434 2654 Duos
459 2590 613 2675 adjuvet,
634 2600 668 2656 et
686 2591 760 2656 haec
780 2599 901 2656 sancta
926 2583 1131 2672 euangelia.²

180 2687 288 2753 Teste
307 2690 439 2774 meipso
456 2692 547 2775 apud
568 2691 707 2756 domum
725 2693 855 2757 militiae
871 2691 1006 2774 Templi
1025 2691 1132 2774 juxta

180 2787 383 2869 Dovoriam,
395 2811 486 2856 anuo
497 2794 595 2875 regni
611 2793 719 2857 nostri
735 2792 1031 2877 quartodecimo!

231 2889 301 2954 His
316 2892 478 2975 peractis,
491 2893 515 2957 J
518 2913 648 2957 oannes
665 2913 728 2958 rex
747 2913 769 2957 a
790 2894 962 2959 sententia
988 2912 1127 2956 excom·
1145 2907 1230 2947 Johnu

1145 2958 1243 2998 absolved

179 2992 421 3058 municationis
450 2994 642 3059 absolvitur
667 2995 803 3078 publice
834 2996 870 3059 in
902 2994 1047 3059 ecclesia
1073 3013 1130 3057 ca·
1144 3009 1198 3048 from
1211 3019 1296 3049 exeom-

1145 3060 1282 3100 munlcutlon.

218 3249 317 3305 ¹Attcr
335 3257 423 3321 giving
443 3258 486 3307 the
505 3258 573 3320 date,
592 3258 642 3308 and
670 3259 717 3308 See
739 3254 886 3318 D'Achery,
902 3258 1076 3320 spicilegium,
1094 3258 1131 3308 iil.

181 3322 223 3374 the
242 3325 287 3375 list
305 3326 335 3376 ol
350 3329 493 3391 witnesscs,
514 3330 600 3392 Roget
617 3329 647 3378 ol
670 3344 695 3391 p.
705 3333 763 3379 5⁷9.
783 3328 1132 3391 RogerolWendorerrlates

181 3393 325 3446 Wendover
334 3397 435 3449 divides
446 3399 496 3449 this
511 3400 576 3451 deed
591 3400 643 3448 into
670 3401 690 3448 it
701 3400 743 3450 the
752 3401 810 3449 loth
820 3401 892 3460 May,
901 3401 924 3447 in
937 3400 979 3448 the
991 3398 1130 3448 lourteenth

180 3469 241 3529 two,
266 3469 406 3533 promising
430 3476 457 3519 to
482 3471 524 3521 the
551 3471 643 3519 second
670 3486 732 3533 year
745 3470 775 3518 ol
788 3471 828 3520 his
843 3470 924 3531 reign,
941 3486 972 3518 on
988 3469 1029 3518 the
1044 3486 1090 3519 eve
1106 3469 1136 3518 ol

180 3543 239 3599 pul
264 3537 379 3590 ‘Charta
405 3541 492 3603 itaque
520 3542 588 3604 regis
618 3543 643 3590 in
670 3542 712 3590 the
731 3543 871 3591 Ascension
889 3536 1028 3608 (111254),
1047 3541 1131 3588 which

180 3608 313 3671 scriptum,
323 3616 353 3660 ut
363 3611 458 3661 dictum
474 3616 521 3674 est,
533 3612 644 3674 redacta,
671 3614 845 3661 incorrectus
866 3610 904 3658 lar
923 3625 951 3659 ns
967 3612 1009 3659 the
1027 3626 1088 3672 year
1107 3611 1135 3658 ol

179 3678 286 3728 cedidit
299 3696 355 3730 earn
369 3698 414 3732 rex
430 3682 645 3744 PandulphoRo·
671 3683 710 3731 his
728 3685 800 3745 reign
817 3684 839 3731 is
859 3681 1014 3740 concerned;
1038 3682 1085 3741 lor,
1103 3696 1132 3729 ue

180 3762 248 3799 mam
259 3765 336 3814 papae
347 3752 524 3813 deserendam
544 3761 569 3803 et
585 3769 644 3802 con·
670 3749 761 3802 John’s
772 3753 859 3815 regual
869 3767 943 3813 years
953 3768 995 3801 are
1007 3751 1132 3800 rechoned

179 3819 261 3883 tinuo,
276 3824 375 3872 cunctis
389 3824 542 3886 videntibus,
557 3823 644 3873 hornu-
670 3823 733 3873 from
742 3840 757 3873 a
766 3824 894 3872 moveable
902 3823 1038 3883 leust,they
1045 3822 1131 3872 varied

180 3890 250 3951 giam
264 3890 327 3942 iecit
338 3895 518 3957 subscriptum,
531 3895 587 3958 Ego
600 3895 645 3945 Jo·
671 3895 696 3943 in
705 3896 822 3945 duration
830 3893 1000 3954 accordingly.
1020 3892 1074 3941 The
1084 3893 1133 3941 Ac·

181 3957 294 4024 hames,‘
305 3968 355 4015 etc.
671 3967 782 4027 concion,
798 3965 925 4025 however,
942 3964 986 4012 fell
1002 3963 1057 4012 that
1071 3978 1133 4025 year

217 4027 438 4085 'Thisdeedwss
447 4035 560 4098 puhlicly
570 4037 644 4100 given
671 4052 702 4084 on
725 4037 767 4085 the
789 4036 851 4085 2³rd
873 4035 902 4083 ol
920 4035 992 4096 May.
1035 4034 1076 4083 Sir
1095 4033 1131 4082 H.

182 4104 209 4149 al
227 4102 267 4153 St.
285 4101 382 4168 Paul's,
403 4106 517 4169 london,
539 4107 598 4156 Oct.
621 4111 645 4169 ³,
673 4107 787 4167 Nicolas,
799 4105 994 4156 chronolllist.
1006 4108 1062 4154 ³25.
1085 4104 1132 4153 See

185 4174 258 4234 1218,
280 4175 308 4224 in
329 4176 372 4227 the
394 4176 506 4227 filteenth
532 4192 593 4239 year
619 4178 649 4226 ol
672 4178 720 4227 Dr.
740 4172 1045 4240 Lingard'snoteonthis
1058 4175 1132 4236 deod,

184 4238 273 4294 John’s
301 4246 388 4310 πίω
418 4248 521 4310 Rymer,
543 4249 562 4297 i.
591 4252 647 4298 176.
671 4249 709 4299 iii.
722 4252 762 4299 ³³.
