<?xml version="1.0" encoding="UTF-8"?>
<!DOCTYPE html PUBLIC "-//W3C//DTD XHTML 1.0 Transitional//EN"
    "http://www.w3.org/TR/xhtml1/DTD/xhtml1-transitional.dtd">
<html xmlns="http://www.w3.org/1999/xhtml" xml:lang="en" lang="en">
 <head>
  <title>
</title>
<meta http-equiv="Content-Type" content="text/html;charset=utf-8" />
  <meta name='ocr-system' content='tesseract 3.04.00' />
  <meta name='ocr-capabilities' content='ocr_page ocr_carea ocr_par ocr_line ocrx_word'/>
</head>
<body>
  <div class='ocr_page' id='page_1' title='image "./fnicholaitrivet01trivgoog_0268.png"; bbox 0 0 2896 4860; ppageno 0'>
   <div class='ocr_carea' id='block_1_1' title="bbox 566 393 752 444">
    <p class='ocr_par' dir='ltr' id='par_1_1' title="bbox 566 393 752 444">
     <span class='ocr_line' id='line_1_1' title="bbox 566 393 752 444; baseline 0.005 -1"><span class='ocrx_word' id='word_1_1' title='bbox 566 393 752 444; x_wconf 71' lang='lat' dir='ltr'><strong>ANNALRS.</strong></span> 
     </span>
    </p>
   </div>
   <div class='ocr_carea' id='block_1_2' title="bbox 199 581 1106 622">
    <p class='ocr_par' dir='ltr' id='par_1_2' title="bbox 199 581 1106 622">
     <span class='ocr_line' id='line_1_2' title="bbox 199 581 1106 622; baseline 0.003 -3"><span class='ocrx_word' id='word_1_2' title='bbox 199 581 228 620; x_wconf 74' lang='lat' dir='ltr'><strong>D·</strong></span> <span class='ocrx_word' id='word_1_3' title='bbox 237 583 266 621; x_wconf 77' lang='grc' dir='ltr'><strong>Ι.</strong></span> <span class='ocrx_word' id='word_1_4' title='bbox 277 585 298 621; x_wconf 74' lang='lat' dir='ltr'><strong>J.</strong></span> <span class='ocrx_word' id='word_1_5' title='bbox 309 584 333 621; x_wconf 79' lang='lat'><strong>⁰.</strong></span> <span class='ocrx_word' id='word_1_6' title='bbox 420 584 443 620; x_wconf 83' lang='lat' dir='ltr'><strong>P.</strong></span> <span class='ocrx_word' id='word_1_7' title='bbox 456 583 618 619; x_wconf 66' lang='lat' dir='ltr'>ROMANOBUH</span> <span class='ocrx_word' id='word_1_8' title='bbox 631 585 657 621; x_wconf 71' lang='lat' dir='ltr'><strong>R.</strong></span> <span class='ocrx_word' id='word_1_9' title='bbox 759 583 911 620; x_wconf 67' lang='lat' dir='ltr'><strong>franeorum</strong></span> <span class='ocrx_word' id='word_1_10' title='bbox 967 586 1106 622; x_wconf 70' lang='lat' dir='ltr'><strong>ANGLORUH</strong></span> 
     </span>
    </p>
   </div>
   <div class='ocr_carea' id='block_1_3' title="bbox 204 670 1118 778">
    <p class='ocr_par' dir='ltr' id='par_1_3' title="bbox 204 670 1118 778">
     <span class='ocr_line' id='line_1_3' title="bbox 204 670 1118 711; baseline 0.002 -4"><span class='ocrx_word' id='word_1_11' title='bbox 204 670 327 710; x_wconf 72' lang='lat' dir='ltr'><strong>neom.</strong></span> <span class='ocrx_word' id='word_1_12' title='bbox 349 672 497 709; x_wconf 81' lang='lat' dir='ltr'><strong>rrrrrooarrrrr</strong></span> <span class='ocrx_word' id='word_1_13' title='bbox 510 671 543 708; x_wconf 79' lang='grc' dir='ltr'><strong>ιν.</strong></span> <span class='ocrx_word' id='word_1_14' title='bbox 562 671 689 708; x_wconf 69' lang='lat' dir='ltr'><strong>armatur</strong></span> <span class='ocrx_word' id='word_1_15' title='bbox 702 672 720 709; x_wconf 90' lang='lat'><strong>1.</strong></span> <span class='ocrx_word' id='word_1_16' title='bbox 749 670 867 708; x_wconf 81' lang='lat' dir='ltr'><strong>wnovrcr</strong></span> <span class='ocrx_word' id='word_1_17' title='bbox 881 672 919 711; x_wconf 85' lang='lat' dir='ltr'><strong>rx.</strong></span> <span class='ocrx_word' id='word_1_18' title='bbox 958 673 1062 709; x_wconf 74' lang='lat' dir='ltr'><strong>neurrcr</strong></span> <span class='ocrx_word' id='word_1_19' title='bbox 1077 672 1118 710; x_wconf 88' lang='lat'>111.</span> 
     </span>
     <span class='ocr_line' id='line_1_4' title="bbox 431 732 855 778; baseline 0 0"><span class='ocrx_word' id='word_1_20' title='bbox 431 734 456 778; x_wconf 84' lang='grc'><strong>7.</strong></span> <span class='ocrx_word' id='word_1_21' title='bbox 635 733 660 778; x_wconf 71' lang='lat'><strong>2.</strong></span> <span class='ocrx_word' id='word_1_22' title='bbox 814 732 855 778; x_wconf 70' lang='lat'><strong>²8.</strong></span> 
     </span>
    </p>
   </div>
   <div class='ocr_carea' id='block_1_4' title="bbox 180 861 1281 1740">
    <p class='ocr_par' dir='ltr' id='par_1_4' title="bbox 180 861 1138 1147">
     <span class='ocr_line' id='line_1_5' title="bbox 234 861 1138 948; baseline 0.003 -22"><span class='ocrx_word' id='word_1_23' title='bbox 234 861 377 928; x_wconf 70' lang='lat' dir='ltr'><strong>Passus</strong></span> <span class='ocrx_word' id='word_1_24' title='bbox 403 863 619 940; x_wconf 81' lang='lat' dir='ltr'><strong>Dominicns,</strong></span> <span class='ocrx_word' id='word_1_25' title='bbox 644 884 705 948; x_wconf 87' lang='lat' dir='ltr'><strong>per</strong></span> <span class='ocrx_word' id='word_1_26' title='bbox 730 862 900 946; x_wconf 88' lang='lat' dir='ltr'><strong>quendam</strong></span> <span class='ocrx_word' id='word_1_27' title='bbox 929 863 1070 927; x_wconf 88' lang='lat' dir='ltr'><strong>fratrem</strong></span> <span class='ocrx_word' id='word_1_28' title='bbox 1096 864 1138 929; x_wconf 91' lang='lat' dir='ltr'><strong>de</strong></span> 
     </span>
     <span class='ocr_line' id='line_1_6' title="bbox 183 962 1137 1045; baseline -0.002 -17"><span class='ocrx_word' id='word_1_29' title='bbox 183 962 304 1028; x_wconf 90' lang='lat' dir='ltr'><strong>ordine</strong></span> <span class='ocrx_word' id='word_1_30' title='bbox 342 962 614 1029; x_wconf 82' lang='lat' dir='ltr'><strong>Praedicatorum</strong></span> <span class='ocrx_word' id='word_1_31' title='bbox 650 964 777 1028; x_wconf 85' lang='lat' dir='ltr'><strong>allatus</strong></span> <span class='ocrx_word' id='word_1_32' title='bbox 809 963 844 1026; x_wconf 94' lang='lat' dir='ltr'><strong>in</strong></span> <span class='ocrx_word' id='word_1_33' title='bbox 877 962 1053 1045; x_wconf 81' lang='lat' dir='ltr'><strong>Angliam,</strong></span> <span class='ocrx_word' id='word_1_34' title='bbox 1087 982 1137 1027; x_wconf 89' lang='lat' dir='ltr'><strong>re·</strong></span> 
     </span>
     <span class='ocr_line' id='line_1_7' title="bbox 180 1062 1136 1147; baseline 0.001 -21"><span class='ocrx_word' id='word_1_35' title='bbox 180 1064 318 1147; x_wconf 76' lang='lat' dir='ltr'><strong>positus</strong></span> <span class='ocrx_word' id='word_1_36' title='bbox 334 1070 388 1127; x_wconf 90' lang='lat' dir='ltr'><strong>est</strong></span> <span class='ocrx_word' id='word_1_37' title='bbox 405 1064 440 1126; x_wconf 91' lang='lat' dir='ltr'><strong>in</strong></span> <span class='ocrx_word' id='word_1_38' title='bbox 457 1071 629 1128; x_wconf 86' lang='lat' dir='ltr'><strong>conventu</strong></span> <span class='ocrx_word' id='word_1_39' title='bbox 649 1063 777 1128; x_wconf 85' lang='lat' dir='ltr'>ordinis</span> <span class='ocrx_word' id='word_1_40' title='bbox 799 1062 952 1146; x_wconf 86' lang='lat' dir='ltr'><strong>ejusdem</strong></span> <span class='ocrx_word' id='word_1_41' title='bbox 969 1062 1136 1127; x_wconf 87' lang='lat' dir='ltr'><strong>Bristolli.</strong></span> 
     </span>
    </p>

    <p class='ocr_par' dir='ltr' id='par_1_5' title="bbox 182 1162 1281 1740">
     <span class='ocr_line' id='line_1_8' title="bbox 182 1162 1136 1244; baseline -0.001 -17"><span class='ocrx_word' id='word_1_42' title='bbox 182 1162 296 1243; x_wconf 86' lang='lat' dir='ltr'><strong>Quem</strong></span> <span class='ocrx_word' id='word_1_43' title='bbox 315 1163 489 1228; x_wconf 88' lang='lat' dir='ltr'><strong>Henricus</strong></span> <span class='ocrx_word' id='word_1_44' title='bbox 508 1184 570 1228; x_wconf 85' lang='lat' dir='ltr'><strong>rex</strong></span> <span class='ocrx_word' id='word_1_45' title='bbox 593 1163 791 1228; x_wconf 84' lang='lat' dir='ltr'><strong>afratribns</strong></span> <span class='ocrx_word' id='word_1_46' title='bbox 808 1163 873 1226; x_wconf 81' lang='lat' dir='ltr'><strong>sibi</strong></span> <span class='ocrx_word' id='word_1_47' title='bbox 890 1170 1136 1244; x_wconf 82' lang='lat' dir='ltr'><strong>praesentatum</strong></span> 
     </span>
     <span class='ocr_line' id='line_1_9' title="bbox 182 1262 1136 1346; baseline -0.002 -18"><span class='ocrx_word' id='word_1_48' title='bbox 182 1263 331 1328; x_wconf 88' lang='lat' dir='ltr'><strong>contulit</strong></span> <span class='ocrx_word' id='word_1_49' title='bbox 359 1264 509 1328; x_wconf 76' lang='lat' dir='ltr'><strong>abbatiae</strong></span> <span class='ocrx_word' id='word_1_50' title='bbox 535 1262 849 1339; x_wconf 79' lang='lat' dir='ltr'><strong>westmonasterii,</strong></span> <span class='ocrx_word' id='word_1_51' title='bbox 880 1262 939 1325; x_wconf 92' lang='lat' dir='ltr'><strong>nbi</strong></span> <span class='ocrx_word' id='word_1_52' title='bbox 969 1265 1136 1346; x_wconf 87' lang='lat' dir='ltr'><strong>usquein</strong></span> 
     </span>
     <span class='ocr_line' id='line_1_10' title="bbox 183 1362 1281 1466; baseline -0.003 -37"><span class='ocrx_word' id='word_1_53' title='bbox 183 1382 337 1447; x_wconf 69' lang='lat' dir='ltr'><strong>praesens</strong></span> <span class='ocrx_word' id='word_1_54' title='bbox 372 1365 409 1427; x_wconf 93' lang='lat' dir='ltr'><strong>in</strong></span> <span class='ocrx_word' id='word_1_55' title='bbox 443 1363 664 1428; x_wconf 87' lang='lat' dir='ltr'><strong>veneratione</strong></span> <span class='ocrx_word' id='word_1_56' title='bbox 699 1362 856 1427; x_wconf 87' lang='lat' dir='ltr'><strong>habetur.</strong></span> <span class='ocrx_word' id='word_1_57' title='bbox 920 1362 999 1427; x_wconf 81' lang='lat' dir='ltr'><strong>Rex</strong></span> <span class='ocrx_word' id='word_1_58' title='bbox 1031 1363 1281 1466; x_wconf 45' lang='lat' dir='ltr'><strong>Fran-gom?</strong></span> 
     </span>
     <span class='ocr_line' id='line_1_11' title="bbox 183 1463 1137 1546; baseline 0 -17"><span class='ocrx_word' id='word_1_59' title='bbox 183 1483 301 1529; x_wconf 88' lang='lat' dir='ltr'><strong>corum</strong></span> <span class='ocrx_word' id='word_1_60' title='bbox 318 1465 410 1546; x_wconf 85' lang='lat' dir='ltr'><strong>cepit</strong></span> <span class='ocrx_word' id='word_1_61' title='bbox 427 1463 637 1540; x_wconf 87' lang='lat' dir='ltr'><strong>Damiatam,</strong></span> <span class='ocrx_word' id='word_1_62' title='bbox 658 1463 744 1527; x_wconf 87' lang='lat' dir='ltr'><strong>etin</strong></span> <span class='ocrx_word' id='word_1_63' title='bbox 761 1482 803 1527; x_wconf 89' lang='lat' dir='ltr'><strong>ea</strong></span> <span class='ocrx_word' id='word_1_64' title='bbox 817 1468 974 1526; x_wconf 84' lang='lat' dir='ltr'><strong>aestatem</strong></span> <span class='ocrx_word' id='word_1_65' title='bbox 991 1465 1137 1545; x_wconf 83' lang='lat' dir='ltr'><strong>peregit.</strong></span> 
     </span>
     <span class='ocr_line' id='line_1_12' title="bbox 185 1561 1137 1646; baseline 0.002 -20"><span class='ocrx_word' id='word_1_66' title='bbox 185 1561 310 1628; x_wconf 85' lang='lat' dir='ltr'><strong>Mense</strong></span> <span class='ocrx_word' id='word_1_67' title='bbox 338 1584 420 1629; x_wconf 86' lang='lat' dir='ltr'><strong>vero</strong></span> <span class='ocrx_word' id='word_1_68' title='bbox 448 1562 640 1629; x_wconf 89' lang='lat' dir='ltr'><strong>Novembri</strong></span> <span class='ocrx_word' id='word_1_69' title='bbox 667 1562 856 1646; x_wconf 84' lang='lat' dir='ltr'><strong>procedens</strong></span> <span class='ocrx_word' id='word_1_70' title='bbox 886 1561 929 1625; x_wconf 95' lang='lat' dir='ltr'><strong>ad</strong></span> <span class='ocrx_word' id='word_1_71' title='bbox 962 1562 1137 1628; x_wconf 85' lang='lat' dir='ltr'><strong>civitatem</strong></span> 
     </span>
     <span class='ocr_line' id='line_1_13' title="bbox 185 1661 1137 1740; baseline 0.003 -14"><span class='ocrx_word' id='word_1_72' title='bbox 185 1661 383 1728; x_wconf 83' lang='lat' dir='ltr'><strong>Massoram</strong></span> <span class='ocrx_word' id='word_1_73' title='bbox 408 1683 485 1728; x_wconf 87' lang='lat' dir='ltr'><strong>eam</strong></span> <span class='ocrx_word' id='word_1_74' title='bbox 512 1662 659 1740; x_wconf 83' lang='lat' dir='ltr'><strong>obsedit,</strong></span> <span class='ocrx_word' id='word_1_75' title='bbox 686 1662 744 1726; x_wconf 92' lang='lat' dir='ltr'><strong>nbi</strong></span> <span class='ocrx_word' id='word_1_76' title='bbox 771 1662 814 1727; x_wconf 90' lang='lat' dir='ltr'><strong>de</strong></span> <span class='ocrx_word' id='word_1_77' title='bbox 838 1662 992 1726; x_wconf 86' lang='lat' dir='ltr'><strong>exercitu</strong></span> <span class='ocrx_word' id='word_1_78' title='bbox 1019 1662 1137 1728; x_wconf 88' lang='lat' dir='ltr'><strong>Chris·</strong></span> 
     </span>
    </p>
   </div>
   <div class='ocr_carea' id='block_1_5' title="bbox 183 1762 947 1847">
    <p class='ocr_par' dir='ltr' id='par_1_6' title="bbox 183 1762 947 1847">
     <span class='ocr_line' id='line_1_14' title="bbox 183 1762 947 1847; baseline -0.003 -19"><span class='ocrx_word' id='word_1_79' title='bbox 183 1762 280 1828; x_wconf 81' lang='lat' dir='ltr'><strong>tiano</strong></span> <span class='ocrx_word' id='word_1_80' title='bbox 298 1783 360 1847; x_wconf 88' lang='lat' dir='ltr'><strong>per</strong></span> <span class='ocrx_word' id='word_1_81' title='bbox 375 1762 565 1829; x_wconf 88' lang='lat' dir='ltr'><strong>Saracenos</strong></span> <span class='ocrx_word' id='word_1_82' title='bbox 579 1762 718 1846; x_wconf 87' lang='lat' dir='ltr'>plurimi</span> <span class='ocrx_word' id='word_1_83' title='bbox 733 1763 947 1827; x_wconf 86' lang='lat' dir='ltr'><strong>occiduntur.</strong></span> 
     </span>
    </p>
   </div>
   <div class='ocr_carea' id='block_1_6' title="bbox 197 1975 1105 2015">
    <p class='ocr_par' dir='ltr' id='par_1_7' title="bbox 197 1975 1105 2015">
     <span class='ocr_line' id='line_1_15' title="bbox 197 1975 1105 2015; baseline -0.003 -1"><span class='ocrx_word' id='word_1_84' title='bbox 197 1976 225 2015; x_wconf 73' lang='lat' dir='ltr'><strong>D.</strong></span> <span class='ocrx_word' id='word_1_85' title='bbox 237 1977 264 2013; x_wconf 75' lang='grc' dir='ltr'><strong>Ι.</strong></span> <span class='ocrx_word' id='word_1_86' title='bbox 274 1976 295 2014; x_wconf 78' lang='lat' dir='ltr'><strong>J.</strong></span> <span class='ocrx_word' id='word_1_87' title='bbox 307 1977 331 2013; x_wconf 79' lang='lat'><strong>0.</strong></span> <span class='ocrx_word' id='word_1_88' title='bbox 425 1977 448 2013; x_wconf 83' lang='lat' dir='ltr'><strong>P.</strong></span> <span class='ocrx_word' id='word_1_89' title='bbox 460 1976 623 2013; x_wconf 69' lang='lat' dir='ltr'><strong>ROMANORUM</strong></span> <span class='ocrx_word' id='word_1_90' title='bbox 636 1977 662 2013; x_wconf 73' lang='lat' dir='ltr'><strong>n.</strong></span> <span class='ocrx_word' id='word_1_91' title='bbox 762 1975 916 2013; x_wconf 70' lang='lat' dir='ltr'>PRANOOBUH</span> <span class='ocrx_word' id='word_1_92' title='bbox 966 1975 1105 2011; x_wconf 69' lang='lat' dir='ltr'><strong>ANGLORW</strong></span> 
     </span>
    </p>
   </div>
   <div class='ocr_carea' id='block_1_7' title="bbox 232 2034 1114 2170">
    <p class='ocr_par' dir='ltr' id='par_1_8' title="bbox 232 2034 1114 2170">
     <span class='ocr_line' id='line_1_16' title="bbox 232 2034 1114 2101; baseline 0 0"><span class='ocrx_word' id='word_1_93' title='bbox 232 2064 307 2101; x_wconf 71' lang='lat' dir='ltr'><strong>nore.</strong></span> <span class='ocrx_word' id='word_1_94' title='bbox 359 2062 505 2099; x_wconf 71' lang='lat' dir='ltr'><strong>innocendi</strong></span> <span class='ocrx_word' id='word_1_95' title='bbox 518 2063 553 2100; x_wconf 82' lang='grc' dir='ltr'><strong>ιν.</strong></span> <span class='ocrx_word' id='word_1_96' title='bbox 577 2063 704 2099; x_wconf 71' lang='lat' dir='ltr'><strong>wiennam</strong></span> <span class='ocrx_word' id='word_1_97' title='bbox 717 2062 736 2100; x_wconf 91' lang='lat'><strong>1.</strong></span> <span class='ocrx_word' id='word_1_98' title='bbox 757 2062 875 2099; x_wconf 81' lang='lat' dir='ltr'><strong>nonovrcr</strong></span> <span class='ocrx_word' id='word_1_99' title='bbox 888 2034 925 2099; x_wconf 69' lang='lat' dir='ltr'><strong>rxJ</strong></span> <span class='ocrx_word' id='word_1_100' title='bbox 959 2063 1062 2099; x_wconf 73' lang='lat' dir='ltr'><strong>enarrer</strong></span> <span class='ocrx_word' id='word_1_101' title='bbox 1074 2064 1114 2101; x_wconf 88' lang='lat'>111.</span> 
     </span>
     <span class='ocr_line' id='line_1_17' title="bbox 445 2123 1057 2170; baseline 0 -1"><span class='ocrx_word' id='word_1_102' title='bbox 445 2124 470 2169; x_wconf 87' lang='lat'><strong>8.</strong></span> <span class='ocrx_word' id='word_1_103' title='bbox 642 2124 666 2169; x_wconf 74' lang='lat'><strong>8.</strong></span> <span class='ocrx_word' id='word_1_104' title='bbox 702 2126 709 2140; x_wconf 86' lang='grc'><em>·</em></span> <span class='ocrx_word' id='word_1_105' title='bbox 815 2123 857 2170; x_wconf 71' lang='lat' dir='ltr'><strong>ai.</strong></span> <span class='ocrx_word' id='word_1_106' title='bbox 1016 2123 1057 2169; x_wconf 76' lang='lat'><strong>³4.</strong></span> 
     </span>
    </p>
   </div>
   <div class='ocr_carea' id='block_1_8' title="bbox 183 2261 1297 2444">
    <p class='ocr_par' dir='ltr' id='par_1_9' title="bbox 183 2261 1297 2444">
     <span class='ocr_line' id='line_1_18' title="bbox 234 2261 1285 2338; baseline -0.002 -11"><span class='ocrx_word' id='word_1_107' title='bbox 234 2262 321 2327; x_wconf 79' lang='lat' dir='ltr'><strong>Rnx</strong></span> <span class='ocrx_word' id='word_1_108' title='bbox 355 2262 579 2338; x_wconf 82' lang='lat' dir='ltr'><strong>Francorum,</strong></span> <span class='ocrx_word' id='word_1_109' title='bbox 613 2262 768 2325; x_wconf 84' lang='lat' dir='ltr'><strong>exercitu</strong></span> <span class='ocrx_word' id='word_1_110' title='bbox 798 2281 862 2327; x_wconf 82' lang='lat' dir='ltr'><strong>suo</strong></span> <span class='ocrx_word' id='word_1_111' title='bbox 893 2261 929 2327; x_wconf 93' lang='lat' dir='ltr'><strong>in</strong></span> <span class='ocrx_word' id='word_1_112' title='bbox 961 2261 1137 2328; x_wconf 89' lang='lat' dir='ltr'><strong>obsidione</strong></span> <span class='ocrx_word' id='word_1_113' title='bbox 1150 2276 1285 2338; x_wconf 58' lang='lat' dir='ltr'><strong>neaman</strong></span> 
     </span>
     <span class='ocr_line' id='line_1_19' title="bbox 183 2329 1297 2444; baseline -0.009 -16"><span class='ocrx_word' id='word_1_114' title='bbox 183 2356 369 2428; x_wconf 82' lang='lat' dir='ltr'><strong>¹Massorae</strong></span> <span class='ocrx_word' id='word_1_115' title='bbox 393 2369 491 2444; x_wconf 85' lang='lat' dir='ltr'><strong>peste</strong></span> <span class='ocrx_word' id='word_1_116' title='bbox 512 2360 691 2426; x_wconf 81' lang='lat' dir='ltr'><strong>laborante</strong></span> <span class='ocrx_word' id='word_1_117' title='bbox 714 2381 755 2425; x_wconf 85' lang='lat' dir='ltr'><strong>ac</strong></span> <span class='ocrx_word' id='word_1_118' title='bbox 778 2361 880 2438; x_wconf 84' lang='lat' dir='ltr'><strong>fame,</strong></span> <span class='ocrx_word' id='word_1_119' title='bbox 898 2361 978 2426; x_wconf 92' lang='lat' dir='ltr'><strong>dum</strong></span> <span class='ocrx_word' id='word_1_120' title='bbox 996 2329 1297 2428; x_wconf 57' lang='lat' dir='ltr'><strong>Damia-ffiffl..</strong></span> 
     </span>
    </p>
   </div>
   <div class='ocr_carea' id='block_1_9' title="bbox 178 2461 1138 3945">
    <p class='ocr_par' dir='ltr' id='par_1_10' title="bbox 178 2461 1138 3945">
     <span class='ocr_line' id='line_1_20' title="bbox 181 2461 1136 2544; baseline -0.001 -16"><span class='ocrx_word' id='word_1_121' title='bbox 181 2471 255 2528; x_wconf 85' lang='lat' dir='ltr'><strong>tam</strong></span> <span class='ocrx_word' id='word_1_122' title='bbox 273 2462 469 2537; x_wconf 85' lang='lat' dir='ltr'><strong>revertitur,</strong></span> <span class='ocrx_word' id='word_1_123' title='bbox 485 2461 748 2544; x_wconf 82' lang='lat' dir='ltr'><strong>superveniente</strong></span> <span class='ocrx_word' id='word_1_124' title='bbox 768 2462 1017 2526; x_wconf 89' lang='lat' dir='ltr'><strong>Saracenorum</strong></span> <span class='ocrx_word' id='word_1_125' title='bbox 1037 2483 1136 2527; x_wconf 86' lang='lat' dir='ltr'><strong>exer·</strong></span> 
     </span>
     <span class='ocr_line' id='line_1_21' title="bbox 183 2561 1136 2643; baseline -0.001 -15"><span class='ocrx_word' id='word_1_126' title='bbox 183 2564 256 2628; x_wconf 85' lang='lat' dir='ltr'><strong>citu</strong></span> <span class='ocrx_word' id='word_1_127' title='bbox 274 2562 312 2626; x_wconf 95' lang='lat' dir='ltr'><strong>in</strong></span> <span class='ocrx_word' id='word_1_128' title='bbox 338 2561 471 2636; x_wconf 87' lang='lat' dir='ltr'><strong>itinere,</strong></span> <span class='ocrx_word' id='word_1_129' title='bbox 492 2568 616 2643; x_wconf 83' lang='lat' dir='ltr'><strong>captus</strong></span> <span class='ocrx_word' id='word_1_130' title='bbox 636 2568 689 2625; x_wconf 84' lang='lat' dir='ltr'><strong>est</strong></span> <span class='ocrx_word' id='word_1_131' title='bbox 709 2581 786 2626; x_wconf 89' lang='lat' dir='ltr'><strong>cnm</strong></span> <span class='ocrx_word' id='word_1_132' title='bbox 807 2562 941 2626; x_wconf 84' lang='lat' dir='ltr'><strong>duobus</strong></span> <span class='ocrx_word' id='word_1_133' title='bbox 961 2562 1136 2642; x_wconf 83' lang='lat' dir='ltr'><strong>fratribus,</strong></span> 
     </span>
     <span class='ocr_line' id='line_1_22' title="bbox 183 2659 1137 2744; baseline 0 -16"><span class='ocrx_word' id='word_1_134' title='bbox 183 2661 332 2728; x_wconf 79' lang='lat' dir='ltr'><strong>Alsonso</strong></span> <span class='ocrx_word' id='word_1_135' title='bbox 345 2660 543 2726; x_wconf 86' lang='lat' dir='ltr'><strong>Pictavensi</strong></span> <span class='ocrx_word' id='word_1_136' title='bbox 556 2669 590 2726; x_wconf 89' lang='lat' dir='ltr'><strong>et</strong></span> <span class='ocrx_word' id='word_1_137' title='bbox 606 2659 732 2725; x_wconf 88' lang='lat' dir='ltr'><strong>Carolo</strong></span> <span class='ocrx_word' id='word_1_138' title='bbox 744 2660 989 2744; x_wconf 80' lang='lat' dir='ltr'><strong>Andagavensi</strong></span> <span class='ocrx_word' id='word_1_139' title='bbox 1006 2665 1137 2728; x_wconf 89' lang='lat' dir='ltr'><strong>comiti-</strong></span> 
     </span>
     <span class='ocr_line' id='line_1_23' title="bbox 181 2760 1136 2843; baseline 0 -15"><span class='ocrx_word' id='word_1_140' title='bbox 181 2764 261 2838; x_wconf 77' lang='lat' dir='ltr'>bus,</span> <span class='ocrx_word' id='word_1_141' title='bbox 275 2769 312 2826; x_wconf 82' lang='lat' dir='ltr'><strong>et</strong></span> <span class='ocrx_word' id='word_1_142' title='bbox 329 2761 447 2825; x_wconf 87' lang='lat' dir='ltr'><strong>multis</strong></span> <span class='ocrx_word' id='word_1_143' title='bbox 463 2760 540 2825; x_wconf 85' lang='lat' dir='ltr'><strong>aliis</strong></span> <span class='ocrx_word' id='word_1_144' title='bbox 563 2760 646 2825; x_wconf 87' lang='lat' dir='ltr'><strong>viris</strong></span> <span class='ocrx_word' id='word_1_145' title='bbox 667 2762 812 2843; x_wconf 80' lang='lat' dir='ltr'><strong>magnis.</strong></span> <span class='ocrx_word' id='word_1_146' title='bbox 859 2761 1036 2827; x_wconf 87' lang='lat' dir='ltr'><strong>Robertns</strong></span> <span class='ocrx_word' id='word_1_147' title='bbox 1055 2784 1136 2828; x_wconf 86' lang='lat' dir='ltr'><strong>vero</strong></span> 
     </span>
     <span class='ocr_line' id='line_1_24' title="bbox 181 2861 1136 2946; baseline -0.001 -18"><span class='ocrx_word' id='word_1_148' title='bbox 181 2861 424 2929; x_wconf 81' lang='lat' dir='ltr'><strong>Atrebatemis</strong></span> <span class='ocrx_word' id='word_1_149' title='bbox 457 2880 583 2938; x_wconf 85' lang='lat' dir='ltr'><strong>comes,</strong></span> <span class='ocrx_word' id='word_1_150' title='bbox 621 2861 743 2925; x_wconf 85' lang='lat' dir='ltr'><strong>tertius</strong></span> <span class='ocrx_word' id='word_1_151' title='bbox 777 2862 884 2926; x_wconf 84' lang='lat' dir='ltr'><strong>stater</strong></span> <span class='ocrx_word' id='word_1_152' title='bbox 919 2865 1021 2946; x_wconf 78' lang='lat' dir='ltr'><strong>regis,</strong></span> <span class='ocrx_word' id='word_1_153' title='bbox 1055 2865 1136 2928; x_wconf 90' lang='lat' dir='ltr'><strong>sub·</strong></span> 
     </span>
     <span class='ocr_line' id='line_1_25' title="bbox 180 2960 1138 3044; baseline 0 -17"><span class='ocrx_word' id='word_1_154' title='bbox 180 2962 351 3044; x_wconf 81' lang='lat' dir='ltr'><strong>mergitur</strong></span> <span class='ocrx_word' id='word_1_155' title='bbox 382 2960 556 3043; x_wconf 78' lang='lat' dir='ltr'><strong>fugiendo.</strong></span> <span class='ocrx_word' id='word_1_156' title='bbox 611 2960 716 3025; x_wconf 90' lang='lat' dir='ltr'><strong>Multi</strong></span> <span class='ocrx_word' id='word_1_157' title='bbox 744 2963 848 3025; x_wconf 88' lang='lat' dir='ltr'><strong>etiam</strong></span> <span class='ocrx_word' id='word_1_158' title='bbox 878 2963 996 3044; x_wconf 85' lang='lat' dir='ltr'><strong>praelio</strong></span> <span class='ocrx_word' id='word_1_159' title='bbox 1022 2963 1138 3027; x_wconf 89' lang='lat' dir='ltr'><strong>decer-</strong></span> 
     </span>
     <span class='ocr_line' id='line_1_26' title="bbox 179 3060 1136 3143; baseline 0 -15"><span class='ocrx_word' id='word_1_160' title='bbox 179 3061 288 3128; x_wconf 85' lang='lat' dir='ltr'><strong>tando</strong></span> <span class='ocrx_word' id='word_1_161' title='bbox 313 3060 537 3140; x_wconf 80' lang='lat' dir='ltr'><strong>occiduntnr3</strong></span> <span class='ocrx_word' id='word_1_162' title='bbox 561 3060 604 3124; x_wconf 90' lang='lat' dir='ltr'><strong>de</strong></span> <span class='ocrx_word' id='word_1_163' title='bbox 626 3080 771 3143; x_wconf 90' lang='lat' dir='ltr'><strong>quorum</strong></span> <span class='ocrx_word' id='word_1_164' title='bbox 795 3081 937 3125; x_wconf 91' lang='lat' dir='ltr'><strong>numero</strong></span> <span class='ocrx_word' id='word_1_165' title='bbox 955 3071 1030 3126; x_wconf 90' lang='lat' dir='ltr'><strong>erat</strong></span> <span class='ocrx_word' id='word_1_166' title='bbox 1045 3063 1136 3128; x_wconf 91' lang='lat' dir='ltr'><strong>Wil-</strong></span> 
     </span>
     <span class='ocr_line' id='line_1_27' title="bbox 179 3159 1134 3245; baseline 0 -18"><span class='ocrx_word' id='word_1_167' title='bbox 179 3162 304 3227; x_wconf 86' lang='lat' dir='ltr'><strong>ielmus</strong></span> <span class='ocrx_word' id='word_1_168' title='bbox 319 3160 362 3225; x_wconf 84' lang='lat' dir='ltr'><strong>do</strong></span> <span class='ocrx_word' id='word_1_169' title='bbox 380 3159 619 3243; x_wconf 80' lang='lat' dir='ltr'><strong>Longa-spata</strong></span> <span class='ocrx_word' id='word_1_170' title='bbox 640 3160 908 3224; x_wconf 84' lang='lat' dir='ltr'><strong>Saresberiensis</strong></span> <span class='ocrx_word' id='word_1_171' title='bbox 927 3181 1055 3239; x_wconf 90' lang='lat' dir='ltr'><strong>comes,</strong></span> <span class='ocrx_word' id='word_1_172' title='bbox 1076 3165 1134 3245; x_wconf 90' lang='lat' dir='ltr'><strong>qni</strong></span> 
     </span>
     <span class='ocr_line' id='line_1_28' title="bbox 180 3259 1135 3342; baseline -0.002 -14"><span class='ocrx_word' id='word_1_173' title='bbox 180 3262 327 3328; x_wconf 80' lang='lat' dir='ltr'><strong>viriliter</strong></span> <span class='ocrx_word' id='word_1_174' title='bbox 347 3259 542 3324; x_wconf 85' lang='lat' dir='ltr'><strong>dimicando</strong></span> <span class='ocrx_word' id='word_1_175' title='bbox 561 3259 685 3324; x_wconf 89' lang='lat' dir='ltr'><strong>cecidit</strong></span> <span class='ocrx_word' id='word_1_176' title='bbox 708 3270 902 3342; x_wconf 79' lang='lat' dir='ltr'><strong>aggravata</strong></span> <span class='ocrx_word' id='word_1_177' title='bbox 925 3281 1029 3325; x_wconf 90' lang='lat' dir='ltr'><strong>manu</strong></span> <span class='ocrx_word' id='word_1_178' title='bbox 1055 3262 1135 3326; x_wconf 90' lang='lat' dir='ltr'><strong>hos·</strong></span> 
     </span>
     <span class='ocr_line' id='line_1_29' title="bbox 182 3358 1135 3444; baseline -0.001 -18"><span class='ocrx_word' id='word_1_179' title='bbox 182 3362 267 3427; x_wconf 83' lang='lat' dir='ltr'><strong>tium</strong></span> <span class='ocrx_word' id='word_1_180' title='bbox 302 3380 407 3444; x_wconf 79' lang='lat' dir='ltr'><strong>super</strong></span> <span class='ocrx_word' id='word_1_181' title='bbox 442 3379 530 3424; x_wconf 86' lang='lat' dir='ltr'><strong>enm.</strong></span> <span class='ocrx_word' id='word_1_182' title='bbox 583 3358 694 3443; x_wconf 84' lang='lat' dir='ltr'>Cujus</span> <span class='ocrx_word' id='word_1_183' title='bbox 728 3367 850 3435; x_wconf 89' lang='lat' dir='ltr'><strong>mater,</strong></span> <span class='ocrx_word' id='word_1_184' title='bbox 883 3362 1060 3425; x_wconf 84' lang='lat' dir='ltr'><strong>abbatissa</strong></span> <span class='ocrx_word' id='word_1_185' title='bbox 1093 3363 1135 3426; x_wconf 87' lang='lat' dir='ltr'><strong>de</strong></span> 
     </span>
     <span class='ocr_line' id='line_1_30' title="bbox 180 3460 1134 3543; baseline -0.001 -17"><span class='ocrx_word' id='word_1_186' title='bbox 180 3460 304 3527; x_wconf 79' lang='lat' dir='ltr'><strong>Lakok</strong></span> <span class='ocrx_word' id='word_1_187' title='bbox 322 3471 361 3525; x_wconf 89' lang='lat' dir='ltr'><strong>ut</strong></span> <span class='ocrx_word' id='word_1_188' title='bbox 382 3460 585 3543; x_wconf 71' lang='lat' dir='ltr'><strong>praedictum</strong></span> <span class='ocrx_word' id='word_1_189' title='bbox 606 3472 672 3536; x_wconf 82' lang='lat' dir='ltr'><strong>est,</strong></span> <span class='ocrx_word' id='word_1_190' title='bbox 690 3468 792 3524; x_wconf 86' lang='lat' dir='ltr'><strong>noete</strong></span> <span class='ocrx_word' id='word_1_191' title='bbox 812 3461 1028 3542; x_wconf 83' lang='lat' dir='ltr'><strong>praecedente</strong></span> <span class='ocrx_word' id='word_1_192' title='bbox 1044 3462 1134 3525; x_wconf 92' lang='lat' dir='ltr'><strong>diem</strong></span> 
     </span>
     <span class='ocr_line' id='line_1_31' title="bbox 179 3559 1134 3646; baseline -0.003 -19"><span class='ocrx_word' id='word_1_193' title='bbox 179 3582 249 3646; x_wconf 87' lang='lat' dir='ltr'><strong>quo</strong></span> <span class='ocrx_word' id='word_1_194' title='bbox 265 3561 356 3625; x_wconf 82' lang='lat' dir='ltr'><strong>iilius</strong></span> <span class='ocrx_word' id='word_1_195' title='bbox 369 3561 444 3644; x_wconf 88' lang='lat' dir='ltr'><strong>ejus</strong></span> <span class='ocrx_word' id='word_1_196' title='bbox 460 3559 661 3624; x_wconf 82' lang='lat' dir='ltr'><strong>interfectus</strong></span> <span class='ocrx_word' id='word_1_197' title='bbox 677 3568 741 3637; x_wconf 77' lang='lat' dir='ltr'><strong>esi,</strong></span> <span class='ocrx_word' id='word_1_198' title='bbox 757 3559 843 3624; x_wconf 86' lang='lat' dir='ltr'><strong>vidit</strong></span> <span class='ocrx_word' id='word_1_199' title='bbox 861 3560 968 3624; x_wconf 83' lang='lat' dir='ltr'><strong>coelos</strong></span> <span class='ocrx_word' id='word_1_200' title='bbox 983 3569 1134 3643; x_wconf 88' lang='lat' dir='ltr'><strong>apertos,</strong></span> 
     </span>
     <span class='ocr_line' id='line_1_32' title="bbox 179 3659 1134 3741; baseline -0.003 -14"><span class='ocrx_word' id='word_1_201' title='bbox 179 3670 216 3727; x_wconf 89' lang='lat' dir='ltr'><strong>et</strong></span> <span class='ocrx_word' id='word_1_202' title='bbox 239 3661 348 3726; x_wconf 87' lang='lat' dir='ltr'><strong>filium</strong></span> <span class='ocrx_word' id='word_1_203' title='bbox 378 3680 480 3725; x_wconf 88' lang='lat' dir='ltr'><strong>sunm</strong></span> <span class='ocrx_word' id='word_1_204' title='bbox 510 3668 693 3737; x_wconf 88' lang='lat' dir='ltr'><strong>armatum,</strong></span> <span class='ocrx_word' id='word_1_205' title='bbox 720 3660 764 3723; x_wconf 93' lang='lat' dir='ltr'><strong>ab</strong></span> <span class='ocrx_word' id='word_1_206' title='bbox 789 3659 923 3741; x_wconf 82' lang='lat' dir='ltr'><strong>angelis</strong></span> <span class='ocrx_word' id='word_1_207' title='bbox 949 3661 1134 3738; x_wconf 87' lang='lat' dir='ltr'><strong>elevatum,</strong></span> 
     </span>
     <span class='ocr_line' id='line_1_33' title="bbox 178 3755 1133 3849; baseline -0.003 -22"><span class='ocrx_word' id='word_1_208' title='bbox 178 3755 274 3827; x_wconf 77' lang='lat' dir='ltr'><strong>&#39;cum</strong></span> <span class='ocrx_word' id='word_1_209' title='bbox 308 3760 435 3843; x_wconf 80' lang='lat' dir='ltr'><strong>gaudio</strong></span> <span class='ocrx_word' id='word_1_210' title='bbox 463 3761 616 3836; x_wconf 80' lang='lat' dir='ltr'><strong>introire.</strong></span> <span class='ocrx_word' id='word_1_211' title='bbox 680 3758 799 3844; x_wconf 86' lang='lat' dir='ltr'>Hujus</span> <span class='ocrx_word' id='word_1_212' title='bbox 828 3759 997 3849; x_wconf 81' lang='lat' dir='ltr'><strong>willelmi</strong></span> <span class='ocrx_word' id='word_1_213' title='bbox 1028 3760 1133 3824; x_wconf 89' lang='lat' dir='ltr'><strong>filiam</strong></span> 
     </span>
     <span class='ocr_line' id='line_1_34' title="bbox 178 3859 1134 3945; baseline -0.003 -17"><span class='ocrx_word' id='word_1_214' title='bbox 178 3863 317 3927; x_wconf 81' lang='lat' dir='ltr'><strong>unicam</strong></span> <span class='ocrx_word' id='word_1_215' title='bbox 359 3868 395 3925; x_wconf 80' lang='lat' dir='ltr'><strong>et</strong></span> <span class='ocrx_word' id='word_1_216' title='bbox 427 3860 586 3925; x_wconf 88' lang='lat' dir='ltr'><strong>heredem</strong></span> <span class='ocrx_word' id='word_1_217' title='bbox 623 3859 722 3923; x_wconf 79' lang='lat' dir='ltr'><strong>duxit</strong></span> <span class='ocrx_word' id='word_1_218' title='bbox 761 3859 936 3923; x_wconf 88' lang='lat' dir='ltr'><strong>Henricus</strong></span> <span class='ocrx_word' id='word_1_219' title='bbox 967 3859 1010 3924; x_wconf 88' lang='lat' dir='ltr'><strong>de</strong></span> <span class='ocrx_word' id='word_1_220' title='bbox 1039 3859 1134 3945; x_wconf 87' lang='lat' dir='ltr'><strong>Lacy</strong></span> 
     </span>
    </p>
   </div>
   <div class='ocr_carea' id='block_1_10' title="bbox 214 4110 1137 4182">
    <p class='ocr_par' dir='ltr' id='par_1_11' title="bbox 214 4110 1137 4182">
     <span class='ocr_line' id='line_1_35' title="bbox 214 4110 1137 4182; baseline 0.004 -16"><span class='ocrx_word' id='word_1_221' title='bbox 214 4115 222 4147; x_wconf 90' lang='lat'><strong>¹</strong></span> <span class='ocrx_word' id='word_1_222' title='bbox 239 4112 417 4176; x_wconf 62' lang='lat' dir='ltr'><strong>‘Mareotin‘</strong></span> <span class='ocrx_word' id='word_1_223' title='bbox 449 4110 516 4167; x_wconf 71' lang='grc' dir='ltr'><strong>ΠΛ.</strong></span> <span class='ocrx_word' id='word_1_224' title='bbox 537 4122 561 4166; x_wconf 78' lang='lat' dir='ltr'><strong>ei</strong></span> <span class='ocrx_word' id='word_1_225' title='bbox 584 4118 644 4167; x_wconf 83' lang='lat' dir='ltr'><strong>cod.</strong></span> <span class='ocrx_word' id='word_1_226' title='bbox 707 4115 829 4169; x_wconf 79' lang='lat' dir='ltr'><strong>&#39;‘eoeloe</strong></span> <span class='ocrx_word' id='word_1_227' title='bbox 848 4134 906 4169; x_wconf 84' lang='lat' dir='ltr'><strong>eum</strong></span> <span class='ocrx_word' id='word_1_228' title='bbox 928 4115 1046 4182; x_wconf 59' lang='lat' dir='ltr'><strong>gaudius</strong></span> <span class='ocrx_word' id='word_1_229' title='bbox 1060 4122 1100 4171; x_wconf 86' lang='lat' dir='ltr'><strong>M.</strong></span> <span class='ocrx_word' id='word_1_230' title='bbox 1111 4127 1137 4171; x_wconf 79' lang='lat' dir='ltr'><strong>et</strong></span> 
     </span>
    </p>
   </div>
   <div class='ocr_carea' id='block_1_11' title="bbox 178 4187 719 4251">
    <p class='ocr_par' dir='ltr' id='par_1_12' title="bbox 178 4187 719 4251">
     <span class='ocr_line' id='line_1_36' title="bbox 178 4187 719 4251; baseline 0 -13"><span class='ocrx_word' id='word_1_231' title='bbox 178 4189 243 4251; x_wconf 60' lang='lat' dir='ltr'><strong>neg.</strong></span> <span class='ocrx_word' id='word_1_232' title='bbox 670 4187 719 4238; x_wconf 68' lang='lat' dir='ltr'><strong>rr.</strong></span> 
     </span>
    </p>
   </div>
   <div class='ocr_carea' id='block_1_12' title="bbox 0 0 1452 4860">
    <p class='ocr_par' dir='ltr' id='par_1_13' title="bbox 0 0 1452 4860">
     <span class='ocr_line' id='line_1_37' title="bbox 0 0 1452 4860; baseline 0 2"><span class='ocrx_word' id='word_1_233' title='bbox 0 0 1452 4860; x_wconf 95' lang='lat' dir='ltr'><strong> </strong></span> 
     </span>
    </p>
   </div>
  </div>
 </body>
</html>
