2896 4860
370 391 436 456 282
730 408 801 457 nro.
825 405 973 454 rnrvart

372 585 442 647 gua
470 567 590 642 blaesa,
616 564 671 627 cui
698 556 829 627 ¹tamen
850 561 973 627 efficax
995 562 1157 628 facundia
1181 565 1223 628 ad
1247 585 1324 648 per-

372 666 582 730 suadendum
600 665 634 726 in
649 665 752 727 rebus
768 682 836 726 non
852 663 960 726 defuit
977 665 1189 745 perorandis.
1234 664 1322 728 Bra·

371 765 525 830 chiorum
544 764 586 828 ad
611 764 866 846 proportionem
884 765 1038 845 corporis
1056 763 1218 827 flexibilis
1241 784 1320 848 pro-

371 865 499 942 ductio,
526 866 651 947 quibus
674 864 859 928 vivacitate
881 863 1020 928 nervica
1042 863 1139 927 nulla
1161 874 1259 928 erant
1277 865 1320 928 ad

371 985 470 1030 usum
489 965 597 1047 gladii
615 965 770 1046 aptiora:
795 969 916 1046 pectus
938 965 1049 1027 ventri
1066 965 1323 1046 praeeminebat,

371 1066 600 1148 tibiarumque
609 1064 715 1146 longa
723 1063 859 1142 divisio,
868 1082 1033 1146 equorum
1046 1064 1210 1128 nobilium
1217 1084 1320 1128 cursu

369 1173 405 1229 et
422 1165 527 1243 saltu,
543 1165 687 1229 sessoris
706 1163 902 1228 firmitatem
920 1163 1096 1246 prohibuit
1108 1164 1286 1228 infirmari.

421 1264 508 1330 Cum
526 1271 665 1329 vacaret
680 1265 724 1327 ab
735 1264 852 1341 armis,
865 1262 1106 1327 venationibus
1121 1271 1191 1328 tam
1204 1264 1318 1328 avium

369 1384 472 1447 quam
497 1366 644 1429 serarum
670 1364 883 1447 indulgebat,
906 1371 941 1428 et
958 1365 1108 1428 maxime
1127 1383 1320 1440 cervorum,

369 1484 456 1547 quos
473 1466 506 1528 in
524 1466 622 1548 equis
636 1458 852 1528 ²cursoribus
875 1464 1009 1547 insequi
1027 1464 1172 1541 solebat,
1188 1462 1321 1546 gladio·

368 1585 435 1647 que
453 1565 528 1630 vice
547 1563 708 1628 venabuli
723 1564 903 1627 confodere
922 1563 1164 1646 apprehensos.
1208 1563 1320 1642 Quem

368 1666 571 1729 commorari
597 1665 632 1727 in
662 1665 875 1746 protectione
902 1663 972 1727 Dm
997 1664 1157 1728 altissimi
1185 1665 1322 1728 notissi-

368 1784 462 1828 mum
494 1784 570 1829 esse
601 1764 740 1846 poterit,
767 1784 835 1828 non
865 1763 967 1827 modo
996 1762 1088 1846 quod
1119 1763 1320 1828 adolescens

369 1883 446 1928 cum
469 1865 578 1929 milite
604 1863 753 1947 quodam
778 1864 812 1928 in
841 1883 977 1928 camera
1004 1863 1216 1928 testudinata
1240 1864 1321 1928 ludo

368 1966 532 2029 scaccarii
548 1971 750 2046 occupatus,
773 1965 888 2029 subito
910 1963 1006 2027 nulla
1028 1965 1208 2028 occasione
1231 1984 1319 2047 prae·

368 2065 452 2129 stita
477 2066 569 2129 inter
591 2064 778 2128 ludendum
803 2083 949 2145 surgens
970 2063 1188 2140 discesserat,
1214 2064 1319 2148 lapis·

368 2185 436 2247 que
464 2165 640 2229 immensae
668 2163 926 2246 magnitudinis,
954 2165 1014 2246 qui
1039 2164 1214 2228 sedentem
1239 2184 1321 2229 con-

368 2272 579 2348 quassasset‚
608 2266 643 2328 in
667 2264 785 2328 eodem
808 2265 884 2328 loco
907 2257 1107 2343 ³ceciderit3
1131 2265 1191 2328 sed
1205 2265 1319 2328 vario-

368 2385 443 2430 rum
468 2366 694 2448 periculorum
718 2383 796 2448 quae
813 2364 1014 2429 multotiens
1035 2365 1191 2441 incurrit,
1208 2363 1266 2451 (ut
1283 2366 1318 2428 in

368 2467 593 2549 sequentibus
614 2472 735 2529 notare
757 2465 886 2546 poterit
908 2463 1054 2546 diligens
1077 2462 1201 2549 lector)
1221 2465 1317 2529 exitu

209 2599 300 2639 „imp
368 2566 556 2630 fortunato.
610 2565 727 2629 Inerat
742 2566 773 2628 ei
790 2564 925 2628 animus
943 2565 1158 2647 magnificus,
1175 2565 1318 2648 injuria-

207 2650 275 2700 ’Μ’
369 2685 445 2731 rum
462 2667 659 2749 impatiens,
675 2664 903 2747 periculorum
922 2666 1077 2729 oblivisci
1094 2684 1221 2747 cogens
1238 2666 1318 2728 dum

369 2760 554 2831 ⁴vindicari
584 2774 737 2848 cuperet,
762 2765 821 2847 qui
854 2775 966 2829 tamen
993 2765 1094 2829 facile
1125 2765 1319 2830 humilitate

370 2867 525 2931 exhibita
560 2866 673 2949 potuit
708 2864 864 2929 emolliri.
928 2864 1015 2929 Cum
1044 2867 1135 2928 enim
1167 2873 1321 2948 ternpore

370 2967 519 3051 quodam
539 2963 646 3050 juxta
672 2966 846 3048 quandam
877 2965 1039 3047 ripariam
1059 2966 1233 3029 falconum
1258 2985 1319 3031 au·

370 3068 472 3148 cupio
494 3085 532 3130 so
557 3073 747 3142 exerceret,
766 3084 871 3128 unum
895 3064 937 3129 de
960 3067 1142 3129 comitibus
1166 3068 1249 3143 suis,
1275 3086 1319 3130 ex

371 3166 481 3231 altera
498 3173 596 3249 parte
614 3166 710 3230 fluvii
726 3165 958 3247 negligentius
974 3186 1011 3229 se
1028 3165 1211 3230 habentem
1228 3168 1321 3230 circa

369 3266 551 3343 falconem,
578 3267 637 3350 qui
664 3272 803 3330 anatem
825 3266 916 3329 inter
945 3265 1068 3330 salices
1096 3268 1320 3349 corripuerat,

370 3368 508 3449 arguit3
535 3374 571 3430 et
600 3367 773 3447 argutioni
804 3366 929 3442 minus,
961 3373 1001 3430 ut
1024 3365 1218 3444 videbatur,
1242 3367 1320 3430 obe·

371 3467 479 3531 dienti
499 3467 610 3530 minas
631 3465 768 3550 adjecit.
820 3464 871 3530 At
887 3465 945 3529 ille
959 3467 1142 3530 attendens
1157 3487 1220 3531 nec
1234 3486 1320 3549 pon·

372 3573 439 3631 tem
463 3585 526 3629 nec
546 3566 672 3631 vadum
698 3566 886 3629 consistere
915 3566 950 3629 in
978 3567 1184 3650 propinquo,
1209 3566 1320 3631 sacili-

372 3674 444 3730 tate
459 3665 608 3749 quadam
624 3665 813 3748 respondit,
828 3664 900 3729 Sibi
918 3664 1073 3730 sufficere
1089 3667 1179 3748 quod
1199 3687 1257 3731 eos
1275 3668 1320 3730 ab

369 3767 516 3831 invicem
536 3765 663 3829 fluvius
683 3766 877 3829 dividebat:
901 3784 970 3846 quo
987 3776 1213 3848 exasperatus
1231 3766 1321 3831 filius

370 3868 473 3947 regis,
491 3885 617 3947 aquam
636 3867 764 3947 ignotae
781 3864 1023 3947 profunditatis
1041 3867 1216 3948 ingressus
1234 3887 1322 3950 equo

404 4026 412 4059 ¹
430 4031 551 4078 ‘attamen
559 4024 687 4087 Mallo.
696 4027 832 4087 ΤΙιίεΜ8.,
893 4023 903 4054 ¹
921 4029 1054 4077 ‘cursibus
1064 4025 1079 4089 ;’
1091 4026 1159 4079 D‘A.

369 4099 496 4160 ⁸⁰⁰⁰³¹²¹¹l
514 4113 575 4181 ’Ψ
593 4102 698 4160 coma
716 4097 829 4147 πω·
892 4127 1078 4180 ³‘0eciaera·’
1091 4127 1192 4181 aaa
1203 4132 1284 4181 mss.

369 4169 453 4228 nately
465 4175 579 4218 contams
590 4169 648 4230 only
661 4169 703 4218 the
718 4169 793 4218 Gesta
804 4166 833 4216 οἰ
1063 4168 1070 4192 ’

371 4237 481 4287 Edward
493 4238 517 4288 1.
892 4231 901 4260 ⁴
918 4234 925 4261 ‘
933 4234 1046 4296 judicari
1054 4231 1071 4296 ς’
1083 4235 1122 4284 M.
1130 4240 1155 4282 et
1166 4234 1215 4284 Ar.
