2896 4860
325 399 389 462 100
693 416 765 463 ruc.
781 416 929 463 rnrvurr

166 599 291 642 maenu-
328 573 512 638 tenendum
531 572 573 636 de
589 573 665 655 ipso
683 573 856 657 episcopo,
876 580 911 636 et
928 573 1112 655 episcopus
1128 572 1171 636 de
1188 592 1282 655 rege,

166 651 255 753 {¹235
331 672 465 738 Civitas
488 672 743 752 Ambianensis,
767 672 989 738 concessione
1016 674 1108 754 regis
1132 673 1285 738 Franco-

331 794 419 851 rum,
436 774 600 838 remansit
616 775 778 858 cpiscopo
796 773 1034 850 Ambiunensi,
1050 773 1092 837 de
1107 775 1184 857 ipso
1201 793 1283 855 rege

334 874 504 953 tenenda3
537 882 573 938 et
596 866 626 938 si
647 894 762 940 comes
784 873 958 939 Flandriae
984 875 1167 957 quicquam
1189 873 1225 936 in
1243 892 1286 938 ea

332 974 607 1050 calumniabitur,
634 976 816 1060 episcopus
841 973 1085 1038 Ambianensis
1110 974 1189 1037 inde
1219 974 1286 1056 ipsi

333 1075 451 1140 comiti
486 1075 733 1159 plenitudinem
759 1075 907 1160 justitiae
935 1067 987 1137 ¹in
1018 1092 1082 1138 sua
1106 1073 1160 1138 vel
1188 1074 1286 1156 regia

334 1175 432 1241 curia
446 1175 633 1241 exhibebit.
669 1175 794 1242 Comes
812 1174 1043 1240 claremontis
1060 1181 1096 1238 et
1108 1166 1287 1240 ²Raderus

335 1276 378 1340 de
411 1275 573 1341 Thusaco
603 1285 780 1342 remanent
811 1296 856 1340 ex
885 1282 959 1339 toto
990 1275 1025 1339 in
1059 1294 1163 1338 manu
1195 1275 1288 1356 regis

339 1377 563 1455 Francorum,
589 1376 687 1441 liberi
721 1377 860 1442 omnino
893 1393 916 1440 a
945 1376 1070 1439 comite
1102 1375 1289 1439 Flaudriae.

338 1476 523 1560 Philippus
543 1496 681 1560 quoque
707 1475 930 1541 Flaudrensis
952 1475 1116 1540 clamavit
1131 1476 1288 1559 quietum

339 1577 529 1641 Henricum
542 1596 670 1660 regem,
681 1577 790 1641 filium
806 1575 1109 1660 regisAnglorum,
1123 1576 1166 1640 de
1181 1577 1290 1639 omni·

338 1678 403 1741 bus
425 1678 709 1743 conventionibus
732 1697 810 1762 quae
834 1679 924 1742 inter
947 1697 1007 1741 eos
1032 1685 1142 1741 erant.
1195 1675 1289 1741 Gon-

340 1778 443 1842 cessit
456 1777 560 1842 etiam
572 1786 612 1842 ut
625 1778 772 1842 barones
784 1778 958 1843 Flaudriae
975 1770 1144 1860 ’plenarie
1159 1777 1290 1842 faciant

339 1878 414 1959 regi
448 1876 641 1960 Anglorum
673 1879 864 1952 servitium,
897 1878 989 1962 quod
1026 1879 1058 1942 ei
1088 1877 1215 1943 debent
1247 1878 1291 1942 de

340 1978 440 2042 seodo
469 1978 563 2062 quod
590 1979 632 2043 de
658 1979 734 2062 ipso
760 1986 897 2057 teneut;
924 1987 959 2044 et
982 1977 1072 2061 quod
1101 1978 1203 2044 feoda
1230 1979 1295 2045 illa

341 2079 415 2142 sine
430 2080 690 2161 recuperatione
711 2081 884 2157 amittant,
902 2080 968 2143 uisi
990 2080 1132 2143 servitia
1151 2080 1182 2143 ei
1202 2079 1293 2144 sece-

341 2171 437 2243 rint.⁴
472 2179 643 2245 Convenit
657 2182 762 2245 etiam
776 2180 900 2244 ibidem
917 2181 1009 2245 inter
1025 2199 1139 2263 regem
1152 2177 1292 2261 Angliae

342 2285 377 2344 et
392 2280 550 2344 comitem
575 2281 760 2358 Flaudriae,
780 2280 872 2364 quod
897 2280 1011 2344 nullus
1033 2300 1079 2344 ex
1100 2281 1173 2343 suis
1193 2281 1294 2345 amit-

343 2386 433 2444 teret
449 2386 574 2444 terram
595 2382 630 2444 in
651 2381 815 2446 Flandria
838 2389 979 2464 propter
1000 2381 1178 2446 servitium
1202 2381 1295 2462 regis

343 2477 495 2562 Angliae,
512 2481 541 2544 si
557 2480 623 2546 sibi
640 2482 801 2547 servituri
816 2482 851 2545 in
869 2489 994 2546 terram
1008 2500 1107 2546 suam
1125 2481 1293 2547 venerint.

344 2580 515 2646 Omnibus
538 2582 646 2665 igitur
672 2582 715 2646 ad
741 2601 860 2665 pacem
890 2581 1052 2660 reductis,
1076 2588 1249 2666 quotquot
1274 2602 1296 2646 a

343 2680 511 2746 fidelitate
528 2684 619 2764 regis
640 2682 852 2747 Francorum
873 2689 909 2746 et
925 2701 1032 2766 opera
1055 2682 1295 2761 discesserant,

345 2781 518 2846 redierunt
547 2783 582 2845 in
613 2782 689 2865 ejus
720 2782 920 2866 ligantiam3
954 2782 1081 2847 damna
1111 2791 1183 2847 tam
1216 2782 1295 2847 hinc

345 2900 450 2965 quam
474 2883 569 2946 illinc
593 2882 703 2961 illata,
723 2891 845 2948 mutua
870 2883 1159 2966 compensatione,
1180 2883 1297 2949 deleta

345 2990 439 3046 sunt.

398 3081 574 3146 Henricus
595 3083 667 3147 dux
688 3082 866 3149 Saxonum
884 3083 1179 3168 archiepiscopum
1197 3082 1301 3149 Colo-

349 3183 498 3247 nieusem
528 3182 662 3248 damnis
692 3192 728 3249 et
756 3185 890 3270 injuriis
919 3185 1056 3264 affecit3
1090 3186 1150 3268 qui
1178 3185 1299 3250 favore

347 3283 566 3366 imperatoris
600 3292 636 3349 et
671 3286 863 3368 principum
900 3285 1060 3363 obtinuit,
1093 3293 1132 3350 ut
1160 3285 1233 3350 dux
1262 3285 1297 3349 in

347 3382 490 3447 exilium
516 3392 710 3467 cogeretur.
761 3386 832 3465 Qui
854 3387 898 3451 ad
924 3405 1078 3450 socerum
1107 3405 1220 3463 suum,
1248 3404 1299 3450 re·

348 3503 425 3566 gem
455 3482 647 3566 Anglorum
674 3486 865 3551 Henricum
892 3495 1039 3570 patrem,
1063 3485 1100 3549 in
1126 3485 1301 3550 Norman·

344 3584 440 3647 uiam
458 3585 607 3660 veniens,
627 3606 704 3649 cum
725 3587 862 3651 ducissa
880 3595 916 3651 et
933 3586 1067 3650 duobus
1090 3585 1181 3664 filiis,
1205 3586 1302 3651 Heu-

348 3683 420 3747 rico
437 3691 472 3748 et
488 3683 638 3762 Othone,
653 3706 730 3750 cum
745 3687 864 3751 eodem
879 3687 1028 3752 triennio
1044 3687 1254 3751 morabatur.

384 3931 392 3963 ⁸
410 3936 454 3985 ‘in
472 3950 520 3985 sua
538 3939 609 3987 coria
627 3939 667 3987 vel
687 3940 754 4001 regis
769 3955 813 3989 cu·
837 3939 950 4001 dulphus
964 3941 996 3989 de
1011 3938 1163 4003 Thasiam?
1179 3943 1235 3992 Ma
1251 3944 1261 3973 ‘
1270 3943 1303 3995 R.

349 4005 388 4055 ria
395 4002 411 4067 ;’
423 4006 462 4056 Μ.
474 4023 482 4055 .·
499 4009 507 4036 ‘
520 4008 546 4055 in
568 4009 641 4058 curia
662 4010 729 4071 sua,'
746 4015 813 4072 etc.;
838 4011 871 4059 de
882 4010 1025 4060 Thuseiaco
1033 4012 1051 4071 ;’
1061 4011 1109 4061 Ar.

350 4074 398 4126 Ar.
838 4078 883 4199 ‘⁴⁸
900 4081 1057 4144 ‘plenarium
1072 4078 1209 4144 iaceant?
1229 4084 1267 4133 M.
1277 4089 1303 4134 et

863 4167 878 4201 r

384 4211 395 4242 ¹
410 4217 418 4244 ‘
432 4216 585 4280 Rndulphus
594 4218 612 4280 3'
631 4219 716 4270 m..-
740 4221 812 4270 ‘Ru·
874 4187 886 4248 ⁴⁹
901 4216 1053 4284 ‘facerentff
1064 4221 1112 4273 Ar.
