2896 4860
375 397 442 466 322
743 419 980 469 mormvnrr

218 591 360 661 anaspum
381 578 602 643 securitatem
625 577 732 642 faciat
757 578 975 661 petitoribus,
1000 585 1035 641 et
1062 577 1275 658 custodibus,
1298 589 1337 646 et

218 642 366 735 mppr
382 679 621 744 communitati
648 679 745 761 regni
771 678 897 743 Scotiae
917 678 1118 743 restituendi
1144 679 1233 745 idem
1255 700 1336 764 reg-

383 799 464 843 num
481 800 559 844 cum
580 787 656 844 tota
674 779 870 861 regalitate,
893 779 1075 863 dignitate,
1100 780 1264 859 dominio,
1290 782 1334 846 li·

382 882 584 956 bertatibus,
618 879 935 957 consuctudinibus,
978 879 1138 964 justitiis,
1185 881 1333 964 legibus,

384 983 515 1059 usibus
546 981 835 1065 possessionibus,
866 990 901 1046 et
927 982 1200 1065 quibuscumque
1225 984 1334 1066 perti·

383 1082 522 1161 nentiis,
553 1083 590 1146 in
616 1082 735 1146 eodem
762 1088 856 1147 statu
887 1083 1014 1165 inquo
1039 1091 1138 1146 erant
1165 1090 1246 1147 aute
1267 1083 1334 1148 sei·

383 1182 495 1247 sinam
530 1183 595 1247 sibi
624 1183 799 1260 traditam,
834 1189 869 1247 et
899 1181 1059 1247 liberabit
1086 1182 1136 1247 illi
1168 1183 1224 1247 cui
1251 1183 1334 1268 juro

384 1284 530 1349 debetur
569 1283 755 1348 secundum
790 1282 960 1368 judicium
993 1282 1197 1366 regalitatis,
1231 1284 1334 1351 salvo

383 1385 456 1467 regi
476 1383 614 1468 Angliae
634 1384 796 1468 homagio
819 1384 912 1448 illius
931 1384 990 1468 qui
1016 1404 1079 1448 rex
1102 1385 1192 1464 erit3
1222 1392 1258 1449 ot
1273 1385 1335 1450 de-

383 1487 442 1551 bet
464 1486 538 1550 haec
567 1486 740 1550 restitutio
766 1484 840 1549 fieri
863 1484 953 1549 insra
975 1484 1062 1549 duos
1082 1504 1216 1549 menses
1233 1505 1255 1549 a
1275 1486 1334 1551 die

384 1606 454 1669 quo
478 1586 580 1650 fucrit
604 1585 669 1649 hoc
697 1586 758 1669 jus
790 1585 982 1649 discussum
1009 1593 1114 1668 atque
1142 1585 1332 1652 firmatum:

386 1679 518 1750 ¹exitus
548 1687 722 1768 praedictae
755 1693 857 1750 terrae
884 1685 996 1750 medio
1022 1693 1177 1769 tempore
1208 1688 1332 1770 recipi-

385 1793 501 1864 antur,
522 1794 557 1850 et
580 1787 617 1851 in
636 1787 734 1851 salvo
756 1786 914 1869 deposito
940 1794 1161 1869 reponantur,
1188 1794 1224 1852 et
1245 1789 1335 1854 bene

384 1887 627 1952 custodiantur
653 1908 715 1970 per
740 1906 879 1953 manum
911 1888 1089 1951 camerarii
1118 1888 1244 1952 Scotiae
1272 1890 1334 1972 qui

385 2008 476 2052 nuno
499 1994 565 2065 est,
583 1995 618 2052 et
643 1989 736 2052 illius
764 2007 864 2071 quem
889 1989 1082 2070 assignabit
1102 1988 1147 2052 ad
1176 1988 1241 2053 hoc
1268 2010 1330 2054 rex

386 2087 535 2172 Angliae,
553 2096 588 2152 et
609 2088 674 2153 boc
697 2089 761 2152 sub
778 2089 901 2170 sigillis
919 2108 1049 2165 eorum,
1065 2089 1166 2153 salva
1180 2090 1334 2154 rationa-

384 2190 445 2254 bili
470 2191 722 2254 sustentatione
741 2196 856 2267 terrae,
877 2197 912 2253 et
940 2198 1131 2254 castrorum
1159 2190 1333 2256 ministro·

385 2310 528 2373 rumque
558 2290 666 2371 regni.
719 2289 763 2353 In
790 2291 1020 2354 testimonium
1050 2282 1219 2354 ²omnium
1241 2311 1332 2374 prae·

379 2390 553 2455 'dictorum
577 2391 800 2473 apposuimus
819 2392 861 2454 ad
881 2390 944 2454 has
966 2391 1100 2454 litteras
1122 2389 1237 2472 sigilla
1254 2410 1335 2456 nos·

384 2499 450 2556 tra.
503 2491 633 2556 Datum
652 2490 741 2574 apud
762 2490 950 2566 Noreham‚
969 2490 1024 2554 die
1043 2490 1207 2556 Mercurii
1223 2511 1331 2575 prox-

383 2593 453 2656 ima
470 2601 549 2674 post
567 2591 813 2657 Ascensionem
832 2592 984 2669 Domini,
1009 2610 1099 2656 auno
1116 2591 1239 2674 gratiae
1255 2592 1332 2657 rnil-

384 2693 503 2757 lesimo
517 2692 751 2757 ducentesimo
772 2693 994 2775 nonagesimo
1009 2691 1142 2775 primo.'

435 2794 514 2858 Has
530 2793 618 2857 duas
632 2793 765 2857 litteras
782 2794 876 2857 misit
890 2812 952 2856 rex
972 2790 1110 2874 Aragliae
1126 2793 1191 2856 sub
1214 2792 1331 2875 sigillo

383 2914 447 2959 suo
474 2893 611 2978 privato
644 2892 686 2958 ad
719 2892 856 2958 diversa
886 2893 1106 2970 monasteria,
1147 2894 1244 2976 regni
1278 2895 1332 2959 sui

384 3014 475 3059 anno
494 2994 626 3058 decimo
656 3014 759 3070 nono,
788 3000 826 3058 ut
851 2992 893 3057 ad
918 3003 1124 3077 perpetuam
1150 2995 1199 3058 rei
1222 3002 1331 3077 gestat

385 3095 583 3158 memoriam
611 3095 647 3157 in
677 3094 846 3159 chronicis
875 3102 1092 3176 ponerentur.
1157 3095 1211 3158 De
1240 3115 1331 3159 corn-

384 3195 479 3258 muni
496 3194 603 3277 igitur
622 3214 764 3259 assensu
787 3195 956 3280 majorum
979 3196 1077 3278 regni
1103 3195 1241 3272 Scotiae,
1267 3216 1331 3260 rex

384 3303 510 3360 terram
527 3296 637 3378 ipsam
661 3297 696 3359 in
720 3315 817 3360 suam
839 3295 1188 3378 accepitcustodiam,
1204 3315 1333 3378 quous-

383 3416 451 3480 que
480 3396 596 3460 debita
623 3397 837 3461 discussione
863 3396 982 3460 habita
1003 3397 1046 3460 de
1071 3395 1330 3479 legitimo'con·

383 3504 491 3561 staret
508 3495 640 3561 herede.

434 3596 564 3662 Eodem
581 3617 685 3674 anuo,
703 3598 796 3662 circa
813 3597 937 3662 sestam
959 3598 1052 3662 boati
1069 3596 1093 3662 J
1096 3597 1218 3661 oannis
1236 3599 1330 3682 Bap-

236 3723 302 3751 ueen·
385 3698 490 3775 tistae,
519 3697 685 3762 Alienora
719 3705 830 3762 mater
867 3698 959 3780 regis
992 3696 1246 3762 Ambresburiae
1277 3708 1331 3765 est

222 3772 244 3802 m
285 3773 313 3802 ‘¹'
383 3797 560 3872 defunctam
585 3806 725 3882 propter
739 3797 830 3882 quod
848 3818 908 3862 rex
925 3798 968 3862 de
983 3799 1101 3863 Scotia
1116 3798 1150 3862 in
1167 3796 1329 3881 Angliam

383 3900 497 3976 rediit,
527 3906 566 3962 nt
597 3899 700 3963 sunus
735 3906 925 3964 maternum
958 3899 1146 3983 sepulturae
1181 3900 1333 3966 traderet

382 3999 497 4064 debito
514 4018 589 4063 oum
614 3998 752 4064 bonore.
804 4000 985 4083 Sepultum
1001 4001 1119 4083 itaque
1134 4008 1187 4066 est
1205 4020 1331 4085 corpus

416 4200 422 4231 ¹
441 4203 475 4253 ‘i.
484 4219 508 4252 e.
519 4203 617 4253 reditus
625 4201 641 4263 ;'
651 4198 684 4251 D'
687 4202 814 4252 deberint.
845 4197 850 4270 Ι
902 4200 912 4230 ²
926 4203 1047 4253 ‘istorum
1056 4205 1166 4253 omnium
1175 4201 1191 4266 ς’
1202 4206 1241 4254 Μ.
1250 4210 1273 4255 et
1284 4207 1330 4257 Ar.
