2896 4860
567 411 753 461 Anninus.
1071 395 1137 461 263

179 574 367 631 tractatum
410 567 548 644 eidem;
587 568 647 631 sed
686 585 813 642 comes,
849 567 958 631 sretus
990 568 1134 632 consilio

179 666 316 749 praelati
341 666 488 731 Walteri
510 667 676 750 episcopi,
699 666 909 730 Edwardum
932 667 1133 731 frustratum

178 767 370 849 proposito,
398 766 509 831 redire
537 767 708 831 volentem
738 767 904 831 detinuit:
946 766 1133 831 redditum-

177 884 246 950 que
286 874 341 930 est
375 874 527 932 castrum
561 866 603 931 de
638 866 856 931 Windclsore
893 867 1021 943 comiti,
1054 885 1134 930 con·

177 984 278 1031 cessa
303 966 505 1032 custodibus
532 967 607 1049 ejus
629 967 673 1031 ad
703 965 927 1030 recedendum
957 985 1034 1030 cum
1060 986 1133 1031 om·

178 1066 282 1129 nibus
298 1066 370 1130 suis
392 1087 462 1150 quo
481 1067 644 1131 volebant
670 1067 778 1129 libera
798 1064 983 1142 facultate3
1016 1065 1133 1130 alieni-

178 1166 280 1247 genis
303 1167 421 1243 etiam,
441 1165 636 1231 volentibus
664 1166 812 1229 transito
837 1166 924 1229 marl
951 1165 1061 1229 redire
1089 1168 1133 1230 ad

178 1265 332 1348 propria,
363 1267 483 1330 salvus
524 1265 626 1329 datur
666 1264 870 1328 conductus.
938 1264 1133 1329 Lewcliuus

179 1365 340 1447 princeps
367 1364 520 1443 Walliee,
545 1363 664 1429 comiti
684 1364 825 1447 Symoni
850 1357 1133 1442 ¹confoedcratus,

179 1465 383 1529 comitatum
416 1464 561 1529 cestriae
595 1471 632 1527 et
668 1463 856 1528 marchiam
886 1464 962 1547 ejus
995 1464 1131 1527 interim

177 1561 388 1641 devastavit,
420 1563 558 1646 duoque
586 1562 749 1627 Edwardi
779 1571 894 1628 castra
923 1563 1070 1627 Dissard
1098 1575 1133 1628 et

178 1659 347 1729 'Gannok
366 1663 505 1730 diruens
524 1663 759 1745 complanavit
778 1662 822 1726 ad
844 1662 966 1726 solum.

232 1761 320 1829 Post
335 1763 409 1827 haec
426 1763 688 1846 parliamentum
707 1762 893 1827 Londoniis
910 1773 1131 1841 convocatur,
1145 1779 1294 1867 Ararmmelnt

178 1863 312 1946 inquo
342 1862 422 1927 dum
452 1863 561 1940 multi,
593 1863 652 1945 qui
679 1863 846 1927 hactenus
871 1863 988 1926 comiti
1015 1840 1259 1969 adnm-{offic

177 1971 311 2039 serant,
339 1963 383 2027 ad
415 1971 547 2046 partem
575 1963 667 2044 regis
701 1982 739 2026 se
770 1960 991 2038 transferunt,
1027 1957 1131 2045 (inter

178 2080 269 2144 quos
297 2063 493 2146 praecipuus
527 2069 602 2126 erat
638 2062 812 2126 Henricus
842 2062 884 2125 de
914 2059 1129 2143 Alamannia,

182 2160 327 2226 Ricardi
339 2162 430 2243 regis
443 2162 680 2226 Romanorum
695 2162 737 2225 de
754 2162 866 2244 prima
883 2181 992 2225 uxore
1010 2159 1131 2246 filius,)

179 2262 290 2344 coepit
333 2271 489 2343 potestas
524 2262 621 2343 regia
657 2261 907 2344 aliquantulum
948 2262 1129 2343 respirare.

184 2361 344 2443 Denique
374 2382 449 2438 rex,
478 2360 665 2425 llovoriam
689 2361 868 2437 accedens,
898 2361 1027 2442 sategit
1054 2380 1130 2425 cas·

180 2468 272 2525 trum
291 2460 376 2524 illud
398 2461 441 2526 dc
469 2461 628 2525 manibus
652 2460 788 2525 comitis
810 2470 1041 2542 extorquere;
1071 2463 1131 2526 sed

178 2560 368 2625 frustratus
406 2562 549 2640 intento,
587 2561 757 2626 discessit.
827 2560 985 2636 Carolus,
1018 2581 1131 2625 comes

181 2659 390 2738 Provinciae,
413 2660 449 2725 in
474 2669 676 2745 perpetuum
695 2661 790 2725 urbis
808 2660 977 2725 Romanae
993 2660 1133 2741 cligitur

180 2768 398 2839 senatorem
445 2760 501 2826 cui
532 2760 637 2825 etiam
671 2780 763 2844 papa
795 2760 958 2824 Urbanus
988 2780 1130 2848 regnum

179 2859 309 2925 Siciliae
329 2880 437 2943 usque
455 2869 615 2943 quartum
635 2860 792 2925 heredem
810 2859 969 2935 contulit,
993 2860 1133 2925 utillud

178 2960 333 3026 auferret
347 2960 539 3025 Manfredo.

232 3461 402 3527 sineres
414 3459 610 3524 Lodovicus
630 3459 841 3522 Francorum
860 3475 933 3532 rex,
948 3456 1132 3538 Anglieani
1146 3481 1282 3578 ffirmr

181 3562 282 3645 regni
298 3555 521 3626 ³desolationi
537 3559 761 3642 compatiens,
782 3565 989 3640 procurante
1005 3558 1132 3621 archic-
1146 3588 1240 3622 ouran

181 3664 326 3747 piscopo
361 3659 552 3735 Bonilacio,
587 3659 647 3741 qui
675 3656 819 3721 Parisiis
849 3657 884 3719 in
919 3657 1134 3722 sermonibus
1146 3632 1295 3729 affligi&

1146 3733 1187 3771 and
1194 3733 1232 3770 the
1240 3731 1282 3770 carl

1146 3782 1170 3822 ol
1177 3783 1281 3822 Leieeuer
1289 3793 1293 3823 v

223 3897 554 3961 '‘confoederetur3'D'A.
582 3899 646 3960 May

183 3982 229 4026 not
238 3975 290 4025 this
301 3975 484 4022 circumstance
500 3969 565 4018 have
582 3970 646 4018 been
707 3965 717 3994 ²
733 3967 862 4017 ‘Gaunelt
871 3962 886 4029 ;'
897 3963 967 4018 ΠΛ,

183 4046 227 4096 tlte
240 4045 351 4108 primury
365 4043 458 4091 molire
473 4045 499 4088 to
513 4034 647 4087 Edward's

184 4118 341 4176 subsequent
351 4109 535 4175 implacability
547 4109 648 4171 munst
708 4105 718 4138 ⁸
729 4109 736 4136 ‘
746 4107 926 4157 desolationem
935 4104 951 4169 ς’
964 4109 1002 4158 Μ.
1010 4113 1034 4157 et
1040 4109 1088 4158 Ar,

184 4186 227 4238 the
239 4182 345 4234 Welclrt
