2896 4860
518 415 700 463 annuntie.
1020 401 1087 467 385

134 570 196 633 rici
211 571 323 652 primi,
337 572 454 636 fratris
469 573 552 639 dicti
566 572 658 656 regis
673 573 839 639 Willelmi
855 573 948 638 Rufi.
980 575 1082 654 Item,
1096 592 1203 635 fflvm’·

134 668 298 734 Mathildi
316 673 536 755 imperatrici,
561 673 641 737 filiae
663 673 834 738 etheredi
856 672 1001 739 nancei
1028 695 1080 740 ιο.
1093 644 1198 745 aaut.

133 770 187 850 gis
207 771 375 852 praedicti,
397 772 510 837 David
536 792 598 836 rex
621 771 747 837 Scotiae
766 774 849 838 fecit
870 773 1078 856 homagium.

134 868 236 946 Item,
251 870 447 936 Willelmus
464 892 526 937 rex
540 872 722 936 Scotorum
738 893 801 956 pro
818 893 925 955 regno
942 873 1079 952 Scotiae,

133 975 169 1032 ct
194 969 308 1034 David
333 970 424 1035 filins
455 971 544 1055 ejus,
580 973 723 1036 comites
746 980 780 1037 et
809 974 956 1037 barones
980 975 1079 1057 regni

133 1067 273 1147 Scoticc,
296 1069 508 1135 devenerunt
532 1070 688 1136 homines
715 1072 873 1149 Henrici,
899 1073 960 1136 lilii
986 1075 1078 1155 regis

134 1166 272 1249 Angliae
288 1169 432 1235 chrici
449 1171 601 1248 secundi,
617 1172 652 1233 in
674 1172 826 1236 crastino
846 1174 1078 1237 coronationis

133 1267 290 1350 praedicti
320 1267 478 1347 Henrici,
514 1270 576 1333 filii
610 1269 755 1334 Henrici
791 1271 944 1349 secundi,
980 1279 1080 1355 patre

133 1367 284 1445 vivente,
306 1376 341 1433 et
364 1369 563 1434 fidelitatem
590 1370 620 1433 ei
638 1370 846 1453 juraverunt
864 1378 987 1435 contra
1008 1391 1080 1436 om·

134 1485 195 1530 nes
227 1467 392 1546 homines,
434 1469 533 1535 salva
558 1468 724 1534 fidelitate
754 1469 871 1534 debita
904 1471 995 1552 patri
1031 1471 1080 1534 vi-

134 1567 240 1630 veuti.

183 1664 312 1732 ‘Anno
334 1688 417 1734 vero
440 1670 602 1734 vicesimo
625 1689 661 1731 r,
709 1669 721 1731 i
749 1670 841 1752 regis
861 1669 1006 1734 Henrici
1029 1688 1080 1734 se-

133 1766 236 1830 cundi
259 1767 427 1852 praedicti,
449 1769 562 1833 dictus
587 1688 785 1835 Wiffillmus
808 1788 871 1833 rex
898 1769 1080 1834 Scotorum

135 1866 300 1931 rebellare
326 1869 491 1950 incipiens
514 1869 609 1933 venit
632 1869 667 1932 in
694 1868 979 1933 Nortbumbriam
1002 1890 1081 1932 cuin

134 1967 290 2031 exercitu
329 1987 468 2050 magno,
503 1975 539 2032 et
570 1969 727 2032 exercuit
756 1968 793 2032 in
826 1969 956 2052 populo
989 1976 1080 2032 stra·

134 2085 212 2147 gem
244 2086 417 2150 magnam.
475 2067 540 2131 Cui
573 2074 790 2131 occurrentes
820 2068 948 2132 milites
977 2069 1080 2132 comi-

134 2173 229 2230 tatus
250 2167 398 2231 Eboraci
422 2166 512 2250 apud
533 2165 695 2231 Alncwik
713 2167 826 2249 ipsum
851 2175 1024 2249 ceperunt,
1046 2174 1081 2231 et

132 2264 226 2330 dicto
249 2266 404 2331 chrico
427 2268 498 2349 regi
525 2264 662 2348 Angliae
694 2265 925 2330 reddiderunt.
979 2266 1081 2331 Anno

132 2366 302 2448 sequenti,
320 2365 589 2448 quinto-decimo
607 2365 769 2430 calendas
794 2364 894 2442 Maii,
908 2364 997 2429 idem
1016 2385 1079 2430 rex

133 2464 329 2530 Willelmus
356 2466 543 2548 permissus
574 2472 628 2529 est
656 2464 763 2529 libere
793 2465 898 2529 abire.
951 2463 1080 2529 Postea

134 2584 216 2628 vero
248 2565 441 2630 Eboracum
469 2584 560 2629 anno
587 2564 719 2642 eodem,
745 2565 892 2646 septimo
918 2564 1080 2629 calendas

134 2662 355 2747 Septembris,
386 2665 475 2728 idem
507 2663 705 2730 Willelmus
734 2683 796 2728 rex
825 2662 1006 2728 Scotorum
1037 2664 1080 2728 de

133 2783 302 2828 consensu
341 2764 576 2847 praelatorum,
615 2764 791 2839 comitum,
827 2771 864 2827 et
902 2764 1079 2837 baronum,

134 2884 326 2946 procerum,
350 2872 385 2928 et
413 2864 560 2929 aliorum
590 2870 790 2945 magnatum
819 2863 914 2944 regni
942 2862 1080 2939 Scotiae,

135 2963 273 3028 domino
295 2983 360 3028 suo
381 2965 454 3047 regi
474 2964 626 3047 Angliae,
649 2963 804 3027 Henrico
827 2962 898 3026 lilio
923 2961 1081 3025 Matildis

135 3063 363 3146 imperatricis
395 3063 583 3148 praedictac,
619 3064 692 3127 suis
725 3062 850 3126 litteris
884 3062 1082 3145 patentibus

135 3165 269 3228 cavisse
300 3164 466 3240 noscitur,
493 3162 585 3246 quod
609 3164 683 3244 ipse
712 3169 748 3226 et
774 3160 915 3226 heredes
943 3168 978 3225 et
1003 3180 1082 3226 suc·

135 3283 288 3327 cessores
321 3262 387 3339 sui,
418 3280 517 3344 reges
550 3262 688 3337 Scotiae,
723 3262 886 3344 episcopi,
927 3261 1082 3339 abbates,

135 3364 279 3427 comites
293 3371 329 3427 et
345 3364 503 3439 barones,
518 3367 554 3425 ct
572 3360 632 3425 alii
646 3360 801 3424 homiues
823 3360 918 3442 regni
945 3359 1082 3437 Scotiae,

137 3462 180 3527 de
205 3464 329 3546 quibus
354 3461 514 3526 dominus
536 3480 599 3524 rex
625 3459 799 3524 Henricus
831 3452 1006 3536 ¹voluerit,
1030 3459 1083 3522 sa·

136 3563 228 3626 cient
254 3563 328 3644 regi
356 3559 495 3644 Angliae
526 3560 737 3643 homagium,
760 3557 960 3622 fidelitatem
984 3565 1020 3621 et
1044 3557 1085 3621 li·

136 3663 304 3744 gantiam,
330 3669 369 3725 ut
392 3661 477 3743 ligio
501 3659 652 3736 domino,
678 3664 800 3722 contra
822 3675 956 3722 ornnem
979 3656 1085 3721 bomi-

137 3755 240 3827 nem.¹
295 3761 397 3839 Item,
413 3759 576 3845 episcopi,
600 3758 756 3834 comites,
782 3764 818 3821 et
841 3758 987 3821 barones
1006 3775 1086 3820 con·

175 3985 184 4018 ¹
198 3987 308 4036 ‘habere
320 3983 447 4049 voluerit?
459 3988 508 4037 Ar.
519 3990 577 4038 Ἀθ.
623 3987 737 4035 lanceam
752 3999 831 4047 snper
845 3985 925 4033 altare
937 3983 1005 4033 beuti
1017 3982 1089 4031 Petri

625 4055 726 4117 obtulit,
747 4070 807 4115 quui
825 4055 851 4102 in
874 4053 962 4103 eadem
981 4052 1090 4102 ecclesia

174 4125 251 4189 '‘et,
269 4127 295 4174 in
313 4128 414 4189 signum
430 4127 604 4191 subjectionis,
627 4139 709 4186 usque
725 4125 752 4173 in
767 4123 915 4173 hodiernum
931 4123 999 4172 diem
1010 4136 1091 4170 rema-

138 4197 266 4260 capellum
286 4212 361 4246 sunm
378 4203 404 4246 et
419 4198 508 4247 sellam
528 4202 604 4259 atque
629 4199 689 4245 nent
699 4198 726 4243 et
736 4190 885 4245 serrantur!
902 4193 983 4244 Wals.
995 4196 1036 4243 82.

884 4301 942 4347 00
