2896 4860
542 415 722 465 lausans.
800 400 803 405 ’
1062 402 1106 465 19

136 577 246 659 ⁴tates
258 572 494 655 redargueret,
516 593 538 637 a
561 575 765 656 quibusdam
788 583 910 658 captus
924 576 1105 658 suspendi·

153 679 212 734 tur
232 680 269 736 et
287 679 470 738 crematur.
523 674 578 738 De
603 694 672 757 quo
699 675 823 740 beatus
847 676 1079 739 Bemardns
1069 696 1104 739 ιιι

153 769 305 854 quadam
329 774 478 856 epistola
504 775 573 839 ista
597 775 754 858 scripsit.
788 775 900 840 ‘Erat
928 769 1066 841 Ιιοιιιο1
1069 777 1105 840 in
1119 790 1252 831 uncum·

153 872 266 955 epulis
289 892 400 956 neque
424 873 635 939 manducans
661 893 772 957 neque
792 875 924 953 bibens,
946 876 1006 941 sed
1026 896 1104 940 cum

154 970 230 1036 solo
245 972 382 1038 diabolo
397 975 551 1038 esuriens
568 981 603 1038 et
619 975 740 1039 sitiens
758 976 960 1057 sanguinem
976 975 1104 1039 anima-

154 1065 256 1135 rum.²
307 1072 418 1157 Cujus
440 1073 657 1139 conversatio
682 1075 761 1148 mel,
776 1081 811 1138 et
828 1073 986 1139 doctrina
1001 1095 1105 1140 vene·

154 1190 250 1249 num,
268 1173 325 1236 cui
349 1181 456 1256 caput
479 1174 658 1251 columbae,
673 1174 785 1239 cauda
804 1175 993 1257 scorpionis
1015 1182 1102 1253 erat,

154 1290 258 1353 quem
282 1272 406 1337 Brixia
436 1276 599 1350 evomuit,
628 1274 741 1339 Roma
772 1273 963 1351 exhorruit,
992 1274 1103 1338 Fran-

153 1370 210 1435 cia
223 1372 362 1455 repulit,
380 1372 569 1438 Germania
584 1374 783 1438 abominata
798 1367 888 1438 est.’³

216 1831 357 1897 Luctus
382 1848 475 1917 papa
504 1843 681 1900 senatores
707 1834 952 1910 Romanorum,
982 1840 1104 1898 contra
1118 1854 1197 1895 suoru·
1206 1854 1238 1896 11

156 1932 336 1997 ecclesiam
362 1935 540 2012 erectos,'
530 1954 566 1998 ιιι
585 1934 759 2018 Capitolio
783 1934 935 1998 inclusos
958 1932 1104 1999 obsedit.
1118 1906 1170 1947 ‘¹¹⁸'

155 2031 225 2096 Sed
243 2051 311 2096 non
333 2032 443 2096 multo
463 2040 541 2116 post
558 2035 656 2112 obiit,
674 2054 751 2099 cum
769 2034 914 2099 sedisset
931 2034 1104 2098 mensibus

157 2131 330 2208 undecim,
353 2132 472 2196 diebus
497 2141 652 2218 septem:
677 2135 902 2218 sepultusque
924 2142 978 2199 est
998 2134 1033 2197 in
1050 2153 1104 2199 ec-

156 2232 263 2296 clesia
280 2231 519 2298 Lateranensi.

209 2331 289 2396 Rex
309 2330 518 2414 Stephanae,
536 2353 613 2397 cum
635 2353 749 2398 comes
766 2332 1024 2398 Glovernieusis
1039 2352 1104 2397 cae-

159 2431 293 2515 terique
315 2432 425 2514 partis
447 2433 602 2497 adversae
624 2434 847 2497 munitionem
864 2432 955 2514 apud
973 2432 1103 2497 Faren·

158 2531 289 2608 dinum,
307 2538 472 2614 quantum
496 2533 561 2596 sibi
582 2533 700 2597 utilem
724 2539 860 2597 tantum
880 2532 985 2613 regiae
1013 2531 1104 2614 parti

158 2631 432 2696 construxissent
456 2633 626 2710 nocivam,
642 2652 719 2698 cum
736 2632 860 2696 militia
876 2638 992 2695 suaet
1010 2630 1103 2695 Lon·

158 2731 380 2796 donieusibus
407 2730 586 2810 advolans,
612 2752 674 2815 per
702 2732 843 2815 diesque
870 2731 1003 2814 aliquot
1026 2749 1103 2795 eam

158 2830 294 2896 fortiter
325 2850 544 2914 oppugnans,
576 2832 714 2897 tandem
750 2831 899 2895 obtinuit
929 2850 1004 2895 eam
1034 2850 1104 2895 non

156 2931 232 2996 sine
247 2930 351 2996 taedio
367 2938 402 2995 et
419 2932 547 2997 labore.

208 3031 334 3098 Mense
348 3030 470 3096 Maio
460 3051 494 3095 ιιι
513 3031 716 3096 occidentali
732 3037 830 3112 parte
847 3030 927 3094 coeli
943 3028 1105 3113 apparuit

156 3133 260 3198 stella
292 3138 440 3198 comata.
499 3131 635 3209 Edissa,
672 3131 796 3195 civitas
829 3130 1194 3214 Mesopotamiam...

157 3233 216 3296 ubi
238 3234 444 3316 quieverunt
466 3250 613 3315 corpora
640 3231 874 3314 apostolorum
900 3230 1043 3296 Thomae
1070 3203 1188 3295 et¹⁸¹³n

159 3330 316 3411 Tbadaei,
341 3353 455 3416 queea
475 3333 585 3418 primo
608 3339 763 3415 tempore
788 3339 958 3414 suscepta
986 3329 1105 3395 Cbris·

159 3431 330 3496 tianitatis
360 3434 395 3496 in
425 3432 491 3498 lide
520 3435 658 3515 integra
685 3439 871 3511 manserat,
903 3451 924 3495 a
951 3430 1105 3513 Paganis

158 3531 306 3614 capitur,
339 3538 375 3595 et
406 3532 568 3614 episcopo
601 3531 753 3597 civitatis
787 3531 958 3596 decollato
995 3530 1104 3614 pluri·

157 3631 292 3714 misque
307 3630 430 3695 occisis
447 3631 569 3714 reliqui
585 3632 817 3714 captivantur.

210 3731 319 3797 Lucio
345 3749 445 3816 papae
471 3733 636 3797 successit
654 3726 850 3814 ⁴Eugenius
877 3729 1017 3794 natione
1044 3726 1104 3791 Pi·
1117 3724 1257 3816 5¹12?ng

191 3931 298 3984 ¹0mit⁴
305 3936 445 3997 inepulis,
438 3932 502 3986 ·.’M
643 3933 706 3983 nard
724 3935 746 3982 is
764 3935 858 3998 added,
874 3934 967 3983 ‘ltalia
984 3947 1032 3979 non
1051 3931 1107 3980 vult

191 4000 250 4055 ’St
259 4005 382 4056 Bernard.
394 4005 443 4067 Ep.
451 4010 509 4066 195,
519 4005 552 4056 ad
563 4020 617 4067 apr
643 3999 772 4066 recipere!

154 4089 258 4136 scopum
269 4075 500 4126 constanciensem.
680 4072 713 4102 ⁴⁸
706 4075 780 4125 ‘Qui
810 4075 878 4121 avoit
905 4076 980 4120 avaut
1002 4070 1026 4118 le
1048 4084 1106 4119 nom

190 4142 618 4207 ι1551.Ιὴι.195.ι(1(ἰιιί(ἰοιιοιιι
645 4144 767 4208 bernard,
780 4143 859 4191 Pisan
872 4157 917 4205 par
927 4135 1038 4200 nauou
1064 4140 1106 4190 Fr.
1172 4208 1173 4212 Ἰ

152 4213 275 4279 legatum.
311 4215 547 4267 lntbetextolst
556 4216 619 4264 Ber
643 4216 687 4266 Tr.

931 4302 973 4347 cb
