2896 4860
514 421 698 470 nuurnes.
1019 406 1082 473 181

129 574 275 641 Thomas
319 579 581 662 praedecessoris
627 581 682 643 sui
728 581 876 661 vestigia
915 581 1081 645 imitatus.

130 674 226 741 Otho
259 678 331 743 dux
365 673 555 756 ¹Saxoniae,
590 680 681 761 regis
708 679 847 760 Angliae
883 701 928 744 ex
965 701 1083 746 sorore

130 796 251 861 nepos,
293 799 436 862 regnum
480 780 695 845 Alemanniae
738 780 880 863 pacifice
921 782 1082 858 obtinuit,

131 875 295 962 Philippo
329 881 416 944 duce
452 880 600 958 Sueviae,
639 882 697 965 qui
735 900 812 944 cum
852 881 989 946 Othone
1023 883 1081 946 diu

127 971 369 1045 'contenderat
396 980 438 1044 de
466 981 619 1064 imperio,
646 1000 667 1044 a
697 980 934 1046 Landecravio
956 982 1081 1046 Turin-

125 1080 195 1161 giae
212 1081 406 1146 interfecto.
458 1082 614 1146 Joannes
640 1082 683 1145 de
706 1074 877 1146 ³Brennia
903 1083 937 1146 in
965 1104 1080 1165 regem

125 1178 322 1245 Jerusalem
337 1192 530 1248 coronatur.
571 1183 741 1247 Obierunt
755 1181 937 1266 Philippus
953 1183 1081 1249 Dunel-

127 1281 257 1345 mensis
273 1288 310 1347 et
325 1281 504 1348 Galfridus
517 1278 761 1348 ‘Cicestrensis
776 1284 941 1367 episcopi.

146 1493 285 1561 miano!
357 1480 606 1540 Taonauoauua.
715 1504 868 1539 rnascoauu
921 1503 1060 1538 ruocoann

139 1558 499 1653 er-mtocsnm'srm
510 1560 675 1627 'liminii
687 1561 706 1567 '¹
720 1562 892 1627 nutrienti.-
932 1592 1036 1627 sotanis

380 1652 419 1697 ll.
580 1653 619 1698 ll.
767 1653 808 1698 28.
970 1653 1009 1698 10.

179 1790 202 1854 J
205 1807 318 1855 oauru
340 1778 414 1873 ressi
433 1791 570 1874 Angliae
595 1800 696 1856 natus
719 1800 773 1856 est
791 1791 881 1856 filius
897 1792 1079 1870 secundus
1091 1805 1166 1896 ἓξὲξ

129 1892 168 1955 iu
195 1890 316 1973 vigilia
344 1892 561 1975 Epiphaniae,
593 1913 694 1976 quem
724 1894 760 1957 in
789 1894 906 1957 fratris
932 1893 986 1956 sui
1011 1913 1081 1956 me·
1167 1886 1172 1896 '

128 1992 273 2056 moriam
301 1992 491 2075 appellavit
520 1993 717 2058 Ricardum.
771 1994 851 2057 Hoc
876 2011 967 2056 anno
990 1992 1079 2058 idem

126 2110 190 2155 rex
206 2092 297 2175 apud
321 2093 537 2175 Merleberge
557 2089 739 2159 ⁶comitum
759 2103 794 2158 et
809 2095 976 2157 baronum
997 2093 1080 2158 alio·

124 2212 203 2255 rum
219 2192 262 2256 de
278 2213 316 2256 se
333 2195 523 2258 tenentium
541 2215 601 2281 per
621 2203 729 2259 totam
745 2194 909 2276 Angliam
928 2196 1079 2277 suscepit

128 2293 314 2359 fidelitates
346 2303 381 2359 et
408 2295 570 2377 homagia
599 2296 735 2360 iterato.
794 2294 874 2359 Hoc
909 2313 1001 2358 anno
1034 2316 1078 2359 ex

128 2404 305 2479 praecepto
326 2397 418 2479 regis
442 2397 485 2461 de
507 2397 638 2480 palatio
656 2396 955 2462 westmonasterii
972 2395 1079 2479 juxta

129 2494 346 2562 londonium
378 2516 486 2581 usque
514 2497 840 2580 Northamptoniam
869 2495 1078 2560 scaccarium

126 2606 183 2664 est
209 2598 429 2663 translatum.
481 2597 612 2662 Audito
631 2606 745 2662 autem
768 2597 860 2681 quod
881 2596 1077 2661 Willelmus

127 2716 192 2761 rex
232 2699 414 2764 Scotorum
454 2698 558 2762 filiam
591 2717 687 2762 suam
727 2699 844 2762 comiti
880 2698 1078 2762 Boloniensi

122 2796 304 2881 junxisset
320 2799 504 2875 connubio,
526 2799 608 2880 quia
630 2798 826 2880 irrequisito
848 2818 912 2862 suo
935 2818 1078 2862 assensu

127 2896 258 2961 lactum
282 2897 406 2974 suerat,
431 2917 525 2979 aegre
552 2898 641 2961 tulit.
695 2896 843 2980 Propter
867 2898 959 2982 quod
987 2899 1079 2963 circa

125 2996 253 3062 festum
288 2997 413 3062 Mariae
448 2997 680 3081 Magdalenae,
709 2999 903 3063 coadunato
937 3001 1077 3082 copioso

126 3099 297 3177 exercitu,
320 3118 431 3183 usque
454 3099 667 3164 Berewicnm
692 3101 871 3183 processit,
898 3098 987 3163 bello
1015 3120 1076 3182 ag-

126 3200 226 3283 gredi
248 3220 363 3285 regem
384 3199 565 3265 Scotorum
592 3199 800 3282 disponens3
827 3200 886 3263 sed
910 3199 1002 3264 illico
1025 3221 1077 3264 re·

126 3300 277 3367 formata
315 3320 412 3385 pace,
452 3302 604 3384 acceptis
638 3300 773 3363 duabus
812 3300 948 3363 filiabus
985 3302 1077 3381 regis

125 3400 255 3467 Scotiae
286 3402 474 3479 obsidibus,
504 3403 541 3465 in
577 3400 739 3483 Angliam
770 3400 869 3463 rediit
899 3401 1078 3482 proposito

124 3502 319 3567 immutato.
372 3502 465 3567 Otho
496 3522 559 3567 rex
592 3501 840 3576 Romanorum,
873 3501 908 3564 in
937 3500 1076 3564 Italiam

124 3602 280 3682 veniens,
293 3602 504 3687 imperialem
525 3601 795 3666 benedictionem
812 3602 856 3664 ab
873 3601 1077 3664 Innocentio

123 3704 274 3787 recepit3
298 3704 357 3788 qui
374 3705 491 3768 statim
503 3723 581 3768 cum
595 3701 764 3767 Romanis
778 3720 930 3784 pugnam
946 3699 1078 3778 habuit,

122 3814 161 3871 et
183 3811 306 3869 contra
334 3804 547 3870 voluntatem
576 3803 705 3867 domini
732 3821 833 3884 papae
859 3820 1000 3883 regnum
1029 3801 1078 3863 in-

159 4042 169 4076 ¹
185 4039 357 4105 ‘Saxonum'
369 4044 409 4094 Μ.
420 4048 445 4094 el
456 4043 503 4095 Ar.
653 4038 944 4159 ἓῑῦαεὶξεηείεςὲῦᾊ.
1016 4109 1049 4158 ΕΓ

158 4144 172 4179 ’
187 4142 380 4208 ‘mmmm’
393 4146 439 4197 ΑΓ·
618 4117 829 4244 τυιηᾳιιοὲωᾶἱυῗὲ
853 4125 989 4231 teffltliltlrnu’r
1001 4174 1015 4241 3'
1038 4124 1077 4230 llll.

156 4248 170 4283 ³
184 4252 294 4303 ‘Brona
303 4245 319 4312 ς’
332 4251 371 4300 Μ.
383 4254 408 4300 et
419 4249 465 4301 Ar.
617 4257 641 4301 et
650 4252 697 4302 Ar.
