2896 4860
168 3081 210 3121 lsld
219 3092 245 3120 on

170 3132 273 3181 Euplnnd.

169 3184 243 3224 March
251 3184 283 3223 22.

319 393 384 459 180
671 410 743 457 nro.
766 408 913 456 rnrvnrr

320 568 472 633 cedendo
503 568 546 632 ad
578 588 676 632 suam
710 569 888 633 ecclesiam
920 569 1065 634 intraret
1098 568 1275 651 Angliam,

321 669 509 734 interdixit.
576 667 776 747 Quinimmo
812 669 977 753 praelatos
1018 678 1088 735 tam
1124 670 1276 754 maJores

323 789 426 854 quam
452 770 599 834 minores
627 770 839 854 clericosque
867 770 1125 854 archiepiscopo
1154 769 1276 834 saven-

323 880 376 935 tes
408 872 523 952 coegit
556 872 592 934 iu
620 871 794 949 exsilium,
826 872 929 936 rebus
960 890 1078 936 eorum
1115 870 1277 936 omnibus

323 970 530 1037 confiscatis.

375 1070 478 1148 Otho,
512 1072 584 1136 dux
616 1072 792 1147 Saxoniae,
824 1072 859 1135 in
893 1091 1009 1155 regem
1038 1070 1276 1136 Romanorum

324 1175 484 1254 quamvis
512 1174 548 1236 in
581 1172 752 1237 discordia
785 1172 927 1249 electus,
960 1173 995 1235 in
1023 1165 1200 1253 ¹Angliam
1231 1171 1276 1235 ad

324 1293 441 1355 regem
476 1273 647 1337 loannem
680 1273 888 1337 avunculum
923 1292 1023 1336 suum
1056 1273 1173 1351 venit;
1214 1292 1278 1356 pro

324 1375 424 1458 cujus
458 1373 612 1437 subsidio
644 1393 706 1438 rex
738 1372 876 1456 Angliae
904 1392 926 1437 a
953 1373 1085 1438 clericis
1114 1380 1150 1437 et
1178 1371 1278 1438 laicis

326 1474 463 1539 tertiam
481 1473 647 1538 decimam
663 1481 795 1557 partem
812 1475 979 1538 bonorum
998 1474 1143 1557 accepit.
1197 1472 1280 1537 Phi-

326 1576 440 1657 lippus
467 1576 678 1639 Francorum
705 1593 766 1638 rex
796 1576 830 1637 in
857 1573 1157 1638 exheredationem
1185 1574 1278 1655 regis

327 1673 465 1757 Angliae
487 1696 556 1739 non
577 1677 729 1758 segniter
746 1694 865 1757 agens,
888 1695 930 1739 ne
945 1676 1004 1758 qui
1019 1674 1196 1757 praedatur
1210 1695 1279 1740 non

327 1776 551 1858 praedaretur,
577 1776 705 1840 multas
733 1777 764 1840 ei
790 1776 826 1839 in
854 1775 1045 1858 Aquitania
1069 1775 1280 1841 munitiones

327 1877 491 1952 abstulit,
524 1896 668 1959 quarum
695 1876 861 1959 quasdam
888 1876 1024 1952 evertit,
1049 1875 1219 1958 quasdam
1243 1877 1278 1939 in

328 1996 432 2040 manu
460 1976 653 2041 marescalli
684 1978 739 2041 sui
771 1976 938 2041 Willelmi
961 1976 1004 2041 de
1032 1975 1195 2059 Rupibus
1221 1976 1281 2041 de·

328 2077 490 2161 reliquit:
530 2086 640 2143 terras
675 2078 780 2142 etiam
812 2077 1023 2143 vicecomitis
1054 2070 1280 2141 ²Toarcensis

327 2179 514 2261 ingressus
539 2178 779 2243 Perteniacum
803 2178 907 2261 cepit,
924 2185 959 2243 et
976 2178 1045 2242 alia
1067 2178 1146 2243 loca
1166 2178 1280 2260 plura.

329 2279 459 2344 Eodem
476 2299 567 2343 anno
584 2279 674 2362 apud
693 2279 919 2356 Wintoniam,
936 2279 972 2342 in
990 2277 1044 2342 die
1065 2277 1102 2342 S.
1116 2278 1280 2361 Remigii,

327 2380 349 2444 J
354 2382 457 2445 oanni
475 2380 547 2463 regi
563 2388 666 2445 natus
682 2388 735 2445 est
752 2379 855 2457 filius,
874 2398 976 2464 quem
993 2380 1133 2444 vocavit
1150 2378 1281 2444 Henri·

326 2501 417 2560 cum,
432 2483 468 2546 in
483 2481 682 2546 memoriam
697 2479 807 2564 patris
825 2481 890 2544 sui.

840 2758 1102 2769 ——1-——.

374 2764 511 2831 110111Ῑῶ-
532 2791 729 2828 innocentum.
755 2792 906 2828 ourionislv.
942 2790 1053 2826 Pillhll’l’l
1064 2790 1094 2827 11.
1138 2790 1243 2827 sotanis

358 2705 384 2741 ll.
399 2706 424 2741 Ν.
435 2706 455 2741 J.
466 2705 490 2740 0.
601 2703 838 2741 l’.n01ttutt0nulult.
940 2702 1093 2739 thuscana!
1124 2698 1281 2753 ΛΝΕῑΟΒῦΙΙ

332 2690 372 2913 h
614 2853 654 2898 ro.
810 2853 850 2898 ro.
994 2851 1035 2898 2⁷.
1185 2852 1211 2898 o.

167 3030 309 3072 intuleram
380 3009 527 3075 Ancum
559 3028 620 3091 per
648 3027 774 3091 papam
806 3005 1046 3072 Innocentium
1080 2998 1283 3072 ³interdicto

331 3111 539 3193 supponitur
561 3108 740 3173 undecimo
759 3108 825 3172 cal.
843 3106 986 3191 Aprilis,
1013 3108 1283 3189 exsequentibus

332 3211 456 3294 papale
478 3209 677 3273 mundatum
693 3208 868 3273 Willelmo
893 3208 1136 3284 Londoniensi,
1156 3208 1284 3275 Eusta-

332 3312 409 3376 chio
439 3309 580 3387 Elicnsi,
603 3318 638 3372 et
665 3310 824 3391 Malgero
842 3308 1075 3391 Wigorniensi
1099 3306 1282 3393 episcopis,

332 3413 414 3495 quia
435 3431 498 3476 rex
516 3409 538 3473 J
542 3429 671 3473 oannes
694 3410 986 3492 archiepiscopum
1009 3408 1222 3491 Stephanum
1240 3408 1283 3475 ad

332 3532 429 3578 suam
453 3511 630 3576 ecclesiam
652 3511 815 3575 accedere
831 3530 900 3574 non
918 3510 1094 3594 permisit;
1124 3512 1186 3593 qui
1201 3518 1284 3577 tem·

333 3635 415 3698 pore
439 3614 493 3676 sui
515 3611 628 3676 exsilii
654 3613 780 3675 mansit
806 3612 842 3674 in
866 3610 1075 3675 monasterio
1103 3607 1283 3677 Pontinia-

333 3715 426 3780 censi
440 3715 530 3778 inter
548 3714 640 3777 viros
660 3712 853 3794 religiosos,
869 3710 1106 3793 gloriosissimi
1123 3713 1286 3797 martyris

338 3863 1281 3895 ........-...--7-—-.--.-.-

370 3960 377 3991 ¹
395 3963 439 4010 All
455 3960 498 4009 the
517 3958 593 4007 MSS.
610 3956 674 4006 have
686 3958 693 3985 ‘
706 3959 730 4006 in
744 3958 797 4006 An-
820 3957 950 4022 following
972 3972 1035 4021 year
1055 3956 1111 4007 that
1133 3958 1287 4024 archblshop

335 4034 388 4096 glia
397 4034 413 4093 ;’
426 4030 497 4081 llnll.
823 4029 936 4090 Laugton
952 4044 1016 4091 gave
1036 4030 1187 4090 permission
1202 4036 1230 4081 to
1243 4032 1286 4081 the

370 4104 380 4131 ⁸
396 4100 554 4152 ‘lllnrcensis
564 4099 580 4160 ;’
592 4100 631 4150 M.
642 4105 667 4149 et
678 4099 725 4149 Ar.
821 4100 910 4148 monlrs
920 4098 949 4147 οἰ
957 4098 1150 4161 Cantarburyto
1160 4100 1287 4153 celebrae

371 4172 382 4202 ⁸
396 4175 429 4224 So
440 4173 553 4232 severely
562 4186 616 4219 nas
627 4170 669 4220 the
680 4170 796 4220 interdict
821 4170 862 4219 the
870 4170 955 4218 divine
963 4169 1190 4230 mysteriesoncea
1197 4172 1287 4235 neck,

334 4244 461 4301 cnlorced,
471 4242 525 4292 that
539 4242 559 4290 it
569 4256 624 4291 was
640 4248 683 4292 not
698 4242 737 4290 till
754 4242 796 4289 the
822 4241 886 4301 ling.
896 4239 986 4289 Wend.
997 4240 1035 4290 iii.
1046 4242 1105 4291 226.
