2896 4860
572 407 755 458 tunnulis·
1082 394 1148 460 291

193 572 250 630 tus
272 586 349 631 snm
371 568 492 633 doctor
512 569 548 632 in
571 568 789 634 Jerusalem!
842 568 1058 637 Conservata
1079 574 1147 639 ita·

191 686 259 749 que
296 668 424 748 littera,
461 689 523 753 per
561 671 700 735 nuntios
736 670 780 734 ad
820 669 1062 755 inquirendum
1101 675 1144 740 de

190 775 284 833 statu
330 769 448 835 fratris
497 770 641 835 Thomae
690 771 826 848 missos,
866 772 980 855 ipsum
1023 775 1143 840 eadem

190 877 396 953 nocteque
421 870 487 935 sibi
512 872 686 955 apparuit,
707 872 877 954 comperit
901 892 947 937 ex
973 873 1039 939 bac
1066 875 1142 941 luce

189 968 369 1050 migrasse.

240 1069 370 1134 Eodem
400 1091 490 1136 anno
519 1071 700 1156 Philippus
731 1072 944 1138 Francorum
976 1094 1052 1154 rex,
1082 1076 1141 1140 de-
1154 1091 1257 1144 mnan

188 1169 308 1234 functa
335 1172 447 1255 prima
471 1191 581 1237 uxore
608 1173 680 1238 tilia
704 1174 796 1255 regis
824 1173 1058 1257 Arragunum,
1084 1194 1137 1241 se·
1152 1143 1241 1235 ἱᾞῗέ.

186 1271 333 1335 cundum
358 1273 503 1355 accepit,
530 1271 677 1337 Mariam
695 1273 845 1352 nomine,
868 1294 1020 1339 sororem
1040 1278 1138 1342 ducis
1152 1244 1252 1336 ἕτᾚιιῗῖ.

186 1371 398 1437 Brabautiae.
450 1372 626 1437 Henrieus
642 1392 705 1436 rex
723 1373 963 1439 Navarrorum
980 1378 1137 1456 moritur,

187 1473 290 1549 unica
323 1472 395 1537 filia
428 1473 550 1537 relicta
582 1472 726 1549 herede;
759 1474 859 1558 cujus
892 1495 981 1541 uxor
1017 1479 1137 1560 regina

184 1581 307 1655 postea
330 1574 449 1657 nupsit
467 1572 671 1637 Eadmundo
693 1593 858 1655 germano
876 1577 967 1658 regis
986 1575 1136 1660 Angliae,

185 1675 244 1755 qui
272 1673 314 1738 de
338 1693 380 1737 ea
409 1682 478 1738 tres
510 1672 600 1739 filius
623 1676 839 1757 procreavit3
868 1677 1136 1760 primogenitum

183 1773 352 1838 Thomam
375 1774 586 1839 Laucastriae
610 1775 781 1851 comitem,
799 1776 987 1842 seeundum
1005 1778 1136 1843 Heuri·

183 1893 259 1937 cum
279 1875 321 1939 de
341 1874 545 1940 Laueastria
559 1875 732 1940 dominum
752 1875 978 1955 Mouemutae‚
996 1879 1136 1945 tertium

184 1974 356 2039 Joaunem
379 1977 438 2058 qui
462 1995 539 2040 cum
562 1996 680 2040 sorore
707 1977 744 2039 in
773 1975 901 2041 Galliis
925 1981 1135 2045 morabatur.

184 2073 296 2140 Gasto
313 2076 355 2140 de
372 2076 499 2141 Bierna
515 2096 536 2140 a
551 2096 632 2159 rege
647 2076 840 2158 Anglorum
864 2078 1037 2158 obsessus,
1057 2100 1136 2145 cum

179 2175 253 2260 jam
276 2177 334 2240 via
358 2176 525 2240 evadendi
552 2178 618 2241 sibi
643 2176 815 2260 praeclusa
836 2177 1032 2245 attenderet
1063 2201 1135 2245 rem

183 2295 258 2340 esse
274 2277 309 2340 in
325 2276 454 2341 foribus
474 2284 514 2341 ut
531 2278 574 2341 ad
594 2277 801 2342 deditionem
823 2285 1016 2361 cogeretur,
1033 2299 1137 2364 super

183 2378 324 2459 negotio
352 2379 444 2461 quod
471 2379 697 2461 interregem
726 2377 936 2443 Edwardum
962 2388 997 2443 et
1021 2381 1135 2463 ipsum

181 2481 381 2544 vertebatur
408 2479 674 2563 appellationem
702 2478 910 2563 interposuit
935 2480 979 2545 ad
1005 2480 1136 2545 curiam

182 2580 274 2661 regis
297 2580 528 2645 Francorum:
558 2581 613 2645 cni
646 2578 803 2644 deserens
836 2600 898 2644 rex
931 2580 1134 2659 Edwardus,

181 2679 301 2745 nolens
324 2700 440 2762 regem
458 2680 682 2759 Francorum,
706 2700 806 2764 quem
830 2700 939 2764 nuper
959 2680 1134 2745 domiuum

181 2799 282 2844 suum
309 2801 371 2863 pro
401 2783 501 2845 terris
526 2781 598 2845 suis
625 2782 661 2844 in
694 2781 843 2845 Francia
873 2790 1135 2863 recognoverat,

181 2887 302 2945 contra
329 2900 367 2945 se
393 2891 527 2964 partem
553 2881 678 2959 facere,
704 2881 987 2946 dissentientibus
1016 2882 1135 2946 multis

180 2980 224 3045 de
245 2981 318 3044 suis
340 2982 551 3048 obsidionem
568 2983 721 3048 amoveri
738 2982 857 3067 jussit,
879 2983 1046 3046 ministris
1061 2983 1135 3046 suis

180 3081 412 3159 committens,
434 3083 524 3147 utin
541 3083 636 3146 curia
652 3083 745 3164 regis
764 3082 977 3147 Francorum
992 3103 1132 3148 causam

178 3190 471 3266 prosequerentur
496 3189 617 3247 contra
645 3181 856 3263 Gastonem;
894 3183 929 3246 in
958 3203 1027 3267 qua
1057 3191 1135 3248 tan-

179 3282 258 3347 dem
290 3282 467 3366 injuriosae
495 3282 690 3347 rebellionis
720 3283 901 3347 convictus
931 3303 993 3367 per
1017 3303 1133 3367 regem

181 3383 394 3448 Francorum
412 3384 504 3467 regis
521 3382 660 3466 Angliae
675 3382 846 3446 addicitur
862 3382 1047 3449 voluntati.

230 3484 424 3550 Edwardus
441 3504 503 3549 rex
518 3492 702 3567 postquam
718 3483 928 3548 obsidionem
944 3483 1132 3563 dimiserat,
1145 3504 1280 3544 mamma

180 3585 348 3650 ordinatis
370 3605 433 3668 pru
456 3583 601 3649 articulo
622 3584 788 3667 temporis
810 3584 911 3647 rebus
934 3582 1132 3661 Vaseoniae,
1144 3555 1272 3644 33:⁸12.

180 3685 216 3749 in
244 3685 408 3768 Angliam
436 3684 656 3767 properavit3
689 3684 748 3747 ubi
776 3702 798 3748 a
825 3683 976 3748 claruet
1003 3682 1132 3766 populu

180 3805 258 3850 cum
282 3784 410 3868 gaudio
431 3792 589 3867 receptus
617 3784 776 3848 maximo,
795 3791 831 3847 et
851 3782 993 3861 honore,
1012 3783 1134 3848 Domi-

179 3886 258 3950 nica
271 3886 362 3950 infra
372 3893 514 3951 octavas
525 3883 786 3967 Assumptiunis
797 3883 955 3966 Virginis
971 3883 1132 3966 gloriosae

178 3986 214 4050 in
233 3987 379 4051 ecclesia
395 3984 771 4062 westmonasteriensi,
785 4004 855 4048 uua
870 4005 948 4049 cum
964 3983 1133 4049 Alienora

179 4096 339 4153 consorte
359 4107 436 4163 sua,
454 4106 476 4151 a
495 4087 602 4151 fratre
623 4105 687 4152 suo
712 4085 868 4150 Ruberto
888 4084 1133 4149 cantuariensi

180 4188 439 4272 archiepiscopo
463 4188 644 4271 inungitur
666 4187 702 4250 in
727 4205 855 4268 regem,
878 4191 913 4249 et
935 4184 1134 4251 solemniter

939 4310 982 4355 ⁰2
