2896 4860
360 357 428 424 328
719 372 793 422 stc.
816 372 964 422 rnrvnm

363 533 480 612 armis,
505 542 540 598 et
568 532 787 612 victualibus,
813 541 849 598 et
876 532 961 598 viris
988 530 1138 596 strenuis
1170 528 1211 593 ad
1239 527 1313 592 bel·

363 634 513 698 landum.

416 733 547 798 Eodem
570 752 674 811 anno,
697 732 789 797 circa
805 734 931 798 festum
949 732 984 796 S.
1001 730 1197 809 Michaelis,
1214 728 1311 795 Alie·

366 854 453 900 nora
481 834 553 898 filia
581 833 674 917 regis
703 833 795 916 apud
826 833 1029 898 Bristnllnm
1057 831 1223 906 Henrico,
1251 850 1310 895 co·

366 935 443 1000 miti
479 934 654 1010 Barrensi,
702 933 851 998 traditur
884 935 919 998 in
953 951 1117 1009 uxorem;
1163 931 1206 995 de
1242 950 1313 1014 qna

367 1035 474 1100 filium
495 1035 615 1118 genuit
638 1033 858 1113 Edwardum,
881 1041 917 1099 et
942 1033 1057 1110 filiam,
1076 1051 1181 1117 quam
1200 1030 1224 1096 J
1227 1051 1312 1096 oan-

367 1155 428 1200 nes
462 1134 505 1200 de
528 1136 716 1213 Warenna,
746 1134 907 1221 Surreyae
937 1144 972 1199 et
996 1133 1154 1198 Susexiae
1185 1151 1314 1209 comes,

205 1251 342 1341 mnf
367 1236 480 1301 duxit.
538 1236 618 1302 Rex
651 1235 845 1317 Anglorum
876 1241 1041 1317 satagens
1073 1233 1165 1316 regis
1201 1233 1313 1298 Fran·

205 1352 251 1392 uon
260 1351 303 1391 1⁸1¹·
368 1357 485 1402 corum
509 1337 658 1400 animum
678 1334 840 1412 emollire,
865 1335 1046 1399 mandavit
1066 1353 1230 1416 germano
1249 1353 1315 1397 suo

368 1437 585 1513 Eadmundo,
612 1437 672 1520 qui
703 1446 785 1501 tunc
815 1437 851 1500 in
879 1435 1005 1500 Galliis
1033 1435 1245 1511 morabatur,
1274 1442 1314 1497 ut

367 1538 549 1603 concilium
570 1536 727 1601 Franciae
749 1535 867 1601 adiens
891 1537 933 1600 de
960 1537 1079 1619 aliqua
1103 1534 1214 1599 forma
1234 1553 1315 1617 pro·

368 1638 511 1716 videret,
534 1657 612 1721 quae
642 1638 734 1720 regis
765 1637 978 1702 Francorum
1007 1645 1099 1700 esset
1121 1635 1262 1718 placita,
1278 1642 1313 1699 et

367 1739 433 1802 sibi
458 1758 527 1802 non
552 1739 694 1802 nimium
719 1738 926 1802 inhonesta:
954 1738 1014 1821 qui
1040 1743 1119 1820 post
1142 1742 1313 1800 tractatus

368 1838 496 1902 multos
528 1839 658 1903 frustra
698 1837 846 1916 habitos,
889 1839 956 1901 iter
991 1856 1113 1902 versus
1150 1834 1314 1917 Angliam

366 1939 524 2021 arripuit,
553 1940 596 2004 de
625 1958 709 2022 pace
742 1947 776 2004 et
809 1938 992 2004 concordia
1023 1937 1162 2021 penitus
1192 1935 1315 2019 despe-

366 2048 474 2106 ratus.
541 2118 542 2121 Ἴ

382 2258 407 2293 n.
421 2256 479 2292 rar.
490 2255 513 2292 c.
613 2254 811 2291 naonrnoamr
827 2254 853 2291 n.
963 2251 1115 2290 rnsneoanu
1158 2251 1296 2288 increata

386 2343 507 2380 nccxctv.
562 2342 710 2377 incisionis
803 2341 894 2379 anuum
963 2341 1121 2379 rnrmsrrtv.
1150 2332 1300 2375 snwsuntt.

628 2404 652 2448 2.
836 2403 860 2448 2.
1028 2403 1053 2447 9.
1206 2401 1245 2445 ῃ.

417 2539 655 2604 Ennnursnus
673 2539 780 2604 frater
806 2540 897 2622 regis
914 2537 1054 2621 Angiiae
1074 2558 1193 2603 versus
1221 2558 1317 2602 mare

368 2640 554 2723 prosectuS,
583 2660 645 2723 per
676 2640 814 2722 reginas
843 2640 999 2704 Franciae
1024 2638 1048 2703 J
1051 2659 1200 2704 oannam
1225 2639 1319 2721 regis

369 2749 575 2818 consortem,
609 2749 644 2805 et
675 2741 825 2804 Mariam
859 2741 1013 2824 ejusdem
1050 2758 1246 2817 novercam,
1277 2746 1318 2804 ut

369 2859 446 2903 cum
490 2841 618 2905 eisdem
657 2842 754 2924 pacis
796 2848 984 2906 tractatum
1021 2848 1186 2917 resumat,
1231 2839 1319 2904 cele·

206 2956 300 2998 concord
371 2941 454 3006 riter
483 2949 676 3006 revocatur.
729 2941 887 3026 Denique
921 2941 1152 3006 mediantibus
1177 2941 1317 3022 reginis,

207 3006 348 3106 efflui-¹⁰
369 3050 449 3124 post
479 3040 628 3124 plurima
660 3034 884 3124 ¹interloquia
916 3043 951 3105 in
980 3042 1093 3106 forma
1123 3039 1320 3124 subscripta

208 3154 321 3214 nrenn.
370 3142 508 3206 exstitit
531 3141 802 3221 concordatum
836 3142 1009 3220 videlicet,
1033 3150 1072 3206 ut
1094 3150 1234 3224 propter
1256 3140 1319 3205 ho-

208 3210 271 3245 Μ’
370 3261 488 3305 norem
514 3242 607 3323 regis
633 3242 857 3320 Francorum,
879 3244 934 3307 cui
959 3262 1021 3326 per
1045 3242 1219 3306 ministros
1242 3261 1320 3305 cus-

371 3341 474 3406 todiae
507 3341 693 3407 Vaseoniae
725 3343 909 3427 deputatos
937 3342 994 3430 (ut
1024 3342 1206 3408 videbatur
1232 3362 1318 3406 non·

370 3439 492 3526 nullis)
509 3441 623 3508 suerat
640 3444 676 3507 in
696 3443 853 3526 pluribus
876 3443 1092 3527 derogatum,
1109 3463 1173 3507 sex
1190 3451 1318 3521 castra,

369 3542 529 3608 videlicet
555 3543 760 3623 Sanctonas,
784 3537 1011 3622 'Talemund
1037 3542 1217 3621 Tourium,
1249 3542 1319 3607 Pu-

369 3645 489 3723 merol,
522 3642 654 3722 Penne,
688 3651 724 3708 et
765 3645 893 3709 Mount
928 3643 1111 3722 Flamkon,
1145 3642 1318 3708 voluntati

370 3744 462 3826 regis
492 3744 650 3809 Franciae
682 3744 902 3810 dederentur.
968 3745 1012 3809 In
1044 3745 1204 3811 omnibus
1237 3764 1320 3808 vero

369 3845 570 3909 civitatibus
600 3852 636 3909 et
670 3846 794 3909 castris
826 3846 934 3910 totius
972 3846 1132 3922 ducatus,
1164 3846 1321 3928 exceptis

370 3944 581 4027 Burdegala,
615 3945 760 4023 Baiona,
796 3959 829 4010 et
862 3946 1011 4029 Regula,
1044 3965 1132 4009 unus
1166 3946 1321 4009 serviens

406 4123 413 4153 ¹
430 4123 597 4187 ‘colloquia3’
610 4125 648 4175 Μ.
660 4129 684 4174 et
696 4125 742 4174 Ar.
858 4195 873 4244 k
892 4122 903 4151 ¹
920 4123 1320 4244 ‘'faffmuudefl'ourumst'lam-

876 4210 945 4257 oun;
1001 4231 1007 4245 .
