2896 4860
517 401 699 452 annaeus.
1018 389 1085 455 175

124 560 314 639 manniam,
331 561 533 640 Turonium,
551 570 657 645 atque
680 561 876 628 Pictaviam
900 562 976 627 siue
997 562 1085 628 diffi-

124 663 258 728 cultate
291 670 440 746 occupat
473 663 606 727 nemine
639 665 833 728 resistente.
887 664 1000 748 Capta
1030 673 1085 729 est

125 764 232 829 etiam
252 764 288 827 in
313 762 394 829 dolo
421 761 685 846 Andegavensis
714 765 839 829 civitas
865 784 887 829 a
904 765 1082 831 Willelmo

126 863 171 929 de
201 863 375 948 Rupibus,
411 865 538 929 milites
568 884 650 928 suos
684 867 748 930 sub
783 866 879 949 capis
918 874 1083 942 armatos,

126 965 224 1030 velut
238 974 448 1031 mercatores
465 965 509 1030 ad
533 965 717 1043 nundinas,
738 966 932 1030 inducente.
985 966 1084 1032 luter

125 1072 181 1131 tot
213 1067 361 1131 adversa
393 1065 547 1132 Joaunes
578 1065 774 1148 Anglorum
802 1088 878 1144 rex,
908 1086 984 1131 cum
1015 1088 1084 1131 non

124 1176 256 1250 posset,
278 1166 351 1231 suis
369 1165 642 1231 detrectantibus
663 1168 832 1246 militiam,
855 1187 918 1250 pro
938 1167 1083 1250 perditis

125 1267 368 1351 recuperandis
383 1268 438 1331 vel
460 1288 530 1332 non
553 1268 696 1351 perditis
713 1267 934 1333 defendendis
950 1269 1083 1333 exerci-

128 1376 202 1432 tum
235 1387 459 1451 congregare,
490 1376 584 1433 certo
616 1370 854 1451 experimento
886 1367 1017 1446 didicit,
1048 1370 1084 1433 in

128 1468 310 1534 voluntate
335 1469 595 1552 obsequentium
625 1470 727 1534 sitam
754 1489 829 1534 esse
857 1476 967 1534 totam
992 1470 1082 1553 prin-

130 1569 247 1652 cipum
265 1576 483 1652 potestatem.
1126 1587 1128 1590 ’

180 1669 232 1735 Εο
255 1679 408 1752 tempore
426 1669 592 1751 magister
615 1667 793 1733 Galsridus
814 1668 855 1732 de
878 1669 1081 1747 Vinosalvo,
1095 1690 1223 1739 cauus

129 1772 190 1854 qui
215 1771 258 1835 ad
281 1790 407 1854 papam
434 1769 674 1834 Innocentium
696 1769 820 1833 librum
843 1769 886 1832 de
907 1778 981 1834 arte
998 1770 1081 1835 Elo-
1095 1740 1192 1781 ”⁰⁸⁸⁰ss

125 1871 278 1955 quentiae
308 1871 458 1954 scripsit,
486 1864 615 1934 ¹clarus
649 1870 805 1935 babetur.
858 1869 985 1935 Petrus
1017 1891 1080 1936 rex

127 1965 346 2054 'Aragonum
376 1991 519 2054 regnum
550 1990 651 2034 suum
678 1971 802 2035 obtulit
827 1971 981 2035 ecclesiae
1011 1972 1081 2036 Ro

127 2090 253 2151 manae,
268 2080 304 2138 et
316 2072 401 2136 illud
417 2071 526 2136 eidem
545 2072 726 2136 constituit
741 2072 912 2136 censuale.
966 2071 1081 2137 Graeci

128 2193 231 2238 suum
259 2173 501 2257 imperatorem
523 2171 686 2237 Alexium
712 2171 891 2255 abjiciunt,
916 2181 952 2237 et
975 2173 1081 2237 alium

129 2274 196 2338 sibi
217 2282 337 2339 creant
363 2274 501 2338 nomine
530 2272 741 2353 Nicolaum;
770 2292 870 2354 quem
895 2273 1021 2337 Franci
1046 2282 1081 2338 et

131 2375 260 2440 Veneti
282 2381 385 2457 capta
411 2373 712 2456 Constantinopoli
736 2373 946 2450 occiderunt,
968 2381 1004 2437 et
1025 2394 1080 2438 as·

130 2494 234 2540 sensu
253 2475 406 2539 unanimi
428 2474 678 2551 Baldewinum,
697 2471 958 2538 Flaudrensium
979 2475 1084 2538 conri-

132 2584 215 2653 tem,
237 2576 272 2640 iu
293 2575 473 2658 imperium
499 2575 740 2639 sublimarunt.
792 2573 1084 2658 Constantinopo-

129 2677 190 2741 lim
211 2684 328 2741 tamen
351 2676 430 2759 capi
453 2677 496 2739 ab
519 2674 656 2739 homine
678 2674 777 2738 multi
801 2674 843 2739 de
868 2676 1001 2740 civibus
1023 2678 1083 2740 im-

129 2777 296 2861 possibile
318 2777 537 2859 reputabant,
561 2783 633 2840 tum
658 2784 799 2858 propter
820 2777 973 2841 civitatis
988 2776 1083 2840 forti-

129 2878 297 2955 tudinem,
313 2885 386 2942 tum
403 2884 544 2960 propter
560 2876 775 2958 prophetiam
791 2896 895 2959 quam
910 2876 1084 2943 habebant

130 2978 335 3062 antiquam:
360 2998 481 3061 nempe
498 2976 741 3059 prophetatum
759 2985 846 3053 erat,
867 2977 959 3060 quod
981 2978 1083 3042 debe·

129 3087 184 3145 ret
199 3079 277 3162 capi
293 3099 355 3162 per
371 3077 542 3160 Angelum
558 3096 567 3157 3
591 3085 627 3141 et
644 3077 721 3141 ideo
738 3079 814 3162 capi
833 3098 893 3161 per
912 3078 1083 3144 hominem

130 3201 201 3246 nou
217 3179 414 3244 credebant.
459 3177 527 3243 Sed
545 3177 701 3242 hostibus
720 3199 780 3262 per
797 3199 931 3242 murum
950 3180 1008 3243 ubi
1026 3199 1083 3243 an·

131 3281 232 3365 gelus
259 3282 372 3364 pictus
400 3287 475 3344 erat
505 3280 726 3356 intrantibus
754 3298 792 3343 se
829 3279 991 3363 deceptos
1023 3301 1084 3363 per

130 3381 440 3466 aequivocationem
460 3379 574 3462 angeli
591 3387 839 3461 cognoverunt.

176 3482 258 3547 Hoc
285 3501 377 3546 anno
403 3474 661 3563 ³Aldephousus
692 3500 754 3544 rex
783 3479 945 3544 Castellae
974 3480 1083 3545 Dida-

130 3603 210 3649 cum
244 3582 476 3648 Oxomensem
504 3582 702 3664 episcopum
733 3580 777 3644 ad
807 3581 995 3659 Marclrias,
1021 3602 1083 3663 pro

127 3683 310 3769 cujusdam
333 3682 457 3747 nobilis
480 3681 605 3765 puellae
628 3682 799 3745 connubio
817 3682 979 3758 filiosuo,
1000 3682 1083 3746 Fer-

129 3784 282 3850 diuando
314 3777 483 3860 *nomine
516 3781 742 3847 conciliando.
797 3781 879 3860 Qui,
906 3791 1085 3865 assumpto

167 4025 174 4056 ¹
193 4029 236 4077 ‘iu
247 4028 411 4091 grammatica
422 4027 534 4092 clerus;'
545 4028 597 4077 Μ.;
657 4024 668 4057 ³
684 4022 872 4086 ‘Adeliousus3’
885 4022 952 4076 b'l.
981 4026 1086 4076 Alfouso

128 4100 255 4150 ‘illustris
265 4099 373 4149 babetur
382 4093 396 4160 ς’
409 4099 456 4150 Ar.
623 4098 673 4148 1x.
685 4097 714 4146 ol
722 4098 791 4146 Leou
803 4098 853 4146 and
865 4097 969 4148 Castile.

658 4166 668 4195 ⁴
684 4163 822 4229 ‘norniue3'
839 4169 943 4218 omitted
952 4170 978 4218 in
987 4169 1026 4219 M.
1036 4169 1085 4218 aud

165 4238 177 4272 2
194 4240 273 4291 Peter
284 4239 323 4289 11.
624 4237 673 4289 Ar.
