2896 4860
369 388 434 453 108
735 402 970 451 urouarvsm

368 565 458 626 inter
476 563 546 627 alia
561 563 768 627 mentionem
784 561 878 639 iacit,
896 562 956 646 qui
973 564 1113 645 scripsit
1133 555 1320 640 'Mariale3

369 663 534 747 adjiciens
566 662 657 747 quod
696 664 810 745 imago
842 662 1010 745 Virginis,
1042 663 1153 728 fracto
1181 661 1322 727 brachio

369 764 480 847 parvi,
497 775 611 829 vestes
634 782 716 828 suas
741 763 894 828 divulsit.
947 762 1083 829 Asserit
1098 765 1203 828 etiam
1226 782 1264 827 se
1286 769 1322 827 et

369 865 587 946 sanguinem,
602 872 638 929 et
652 871 783 928 vestem
800 863 983 942 divulsam,
998 865 1136 928 vidisse.

420 964 616 1042 Saladinus,
646 965 806 1048 princeps
833 963 1010 1041 Damasci,
1037 964 1220 1029 commisso
1246 982 1324 1028 cum

281 1033 307 1121 sy
371 1064 578 1130 Christianis
604 1064 736 1147 praelio,
762 1065 872 1130 victor
899 1064 1053 1142 effectus,
1078 1066 1171 1148 cepit
1190 1062 1324 1128 Gnido-

371 1185 449 1230 nem
470 1185 585 1248 regem
603 1165 810 1242 Jerusalem,
827 1164 1115 1249 Reynaldnmque
1134 1165 1322 1250 principem

370 1264 579 1342 Antiochiae,
603 1275 639 1330 et
661 1265 749 1330 alios
776 1266 1046 1350 quamplurimos
1070 1267 1106 1330 in
1130 1265 1251 1349 praelio
1271 1265 1323 1328 in·

372 1367 517 1431 teremit.
564 1366 678 1450 Capta
691 1375 743 1430 est
761 1367 884 1431 civitas
898 1366 1105 1443 Jerusalem,
1121 1365 1322 1449 lignumque

374 1475 506 1532 sanctae
525 1466 658 1544 Crucis,
681 1475 716 1530 et
734 1466 758 1530 J
761 1467 861 1532 udaea
877 1466 948 1532 sere
969 1475 1055 1545 tota,
1077 1486 1153 1531 cum
1176 1465 1324 1530 civitati·

370 1568 435 1631 bus
464 1568 623 1632 omnibus
652 1568 845 1643 maritimis,
877 1576 1003 1650 praeter
1035 1568 1189 1651 Tyrum3
1223 1565 1323 1649 cujus

371 1667 650 1751 archiepiscopus
686 1668 771 1732 dirae
806 1667 914 1732 cladis
951 1669 1091 1733 nuntius
1128 1666 1171 1732 ad
1205 1666 1322 1731 orbem

372 1766 609 1833 Christianum
632 1769 758 1832 missus
775 1777 839 1846 est,
863 1777 898 1832 et
918 1769 1114 1852 specialiter
1136 1767 1180 1831 ad
1206 1786 1322 1849 regem

372 1867 565 1950 Anglorum
589 1869 792 1945 Henricum,
814 1869 913 1953 cujus
937 1868 1030 1934 fama
1056 1868 1157 1950 longe
1184 1867 1322 1951 lateque

372 1968 495 2034 diffusa
522 1978 598 2034 erat
624 1989 729 2053 super
747 1962 892 2033 ²terram
918 1970 1061 2047 divitiis,
1089 1969 1256 2053 potentia,
1281 1986 1323 2032 ac

372 2069 512 2134 virtute.
548 2070 743 2155 Statimque
756 2090 828 2153 prae
846 2070 923 2134 aliis
938 2070 1111 2154 Ricardus
1125 2069 1216 2132 iilius
1231 2068 1323 2151 regis

372 2168 578 2252 Anglorum,
602 2171 676 2236 zelo
701 2164 787 2236 ³Dsi
817 2189 995 2247 aecensus,
1022 2172 1067 2235 ob
1091 2168 1322 2234 ulciscendam

374 2269 495 2335 Crucis
511 2271 673 2355 injuriam
697 2291 831 2336 crucem
855 2271 1038 2353 accipiens,
1056 2280 1188 2336 ceteros
1205 2287 1324 2333 omnes

373 2371 538 2452 praecedit
553 2372 657 2450 facto,
677 2392 765 2454 qnos
784 2372 909 2436 invitat
926 2374 1095 2456 exemplo.
1148 2369 1324 2434 Boamnn-

372 2471 448 2549 dus,
460 2491 575 2537 comes
588 2472 837 2556 Tripolitanus,
852 2471 1046 2556 quindecim
1060 2472 1181 2538 diebus
1195 2468 1324 2552 elapsis

372 2581 451 2654 post
475 2580 612 2655 captam
632 2573 840 2650 Jerusalem,
863 2572 1067 2656 proditionis
1090 2591 1180 2649 reuS,
1203 2589 1324 2635 versus

371 2673 407 2735 in
424 2675 610 2739 amentiam
621 2675 825 2758 exspiravit.

210 2793 281 2832 urm
291 2791 333 2832 111.
424 2775 505 2839 Hoc
521 2794 611 2839 anno
631 2775 794 2840 Urbanus
812 2793 916 2857 papa,
931 2794 1007 2840 curn
1024 2774 1067 2837 de
1084 2772 1324 2838 transmarinis

210 2843 350 2934 mysi
373 2875 529 2956 partibus
560 2883 630 2939 tam
663 2875 811 2940 flebilem
842 2895 1013 2940 rumorem
1048 2873 1214 2951 audisset,
1251 2893 1324 2958 pree

373 2975 477 3038 nimio
501 2975 618 3040 dolore
640 2977 747 3055 obiit;
770 2976 996 3060 sepultusque
1019 2975 1126 3040 estin
1153 2974 1325 3052 Ferraria,

372 3094 449 3138 cum
465 3075 611 3141 sedisset
633 3097 701 3140 uno
722 3095 825 3154 anuo,
850 3077 1023 3141 mensibus
1049 3075 1178 3153 decem,
1204 3074 1325 3140 diebus

373 3174 498 3257 viginti
523 3177 686 3261 quinque.
729 3177 794 3242 (lui
823 3179 991 3241 successit
1016 3174 1207 3259 Gregorius
1229 3186 1325 3241 octa·

373 3294 448 3349 vus,
474 3277 615 3341 natione
640 3278 918 3355 Beneventanus,
944 3279 1039 3361 prius
1062 3275 1174 3340 dictus
1201 3275 1325 3341 Albcr-

374 3383 451 3455 tus3
474 3378 534 3465 qui
551 3378 670 3442 eodem
694 3397 797 3455 anno,
817 3378 931 3442 missis
954 3377 1078 3443 litteris
1102 3376 1146 3440 ad
1170 3376 1326 3441 diversas

374 3477 570 3559 provincias
600 3498 662 3561 pro
686 3477 796 3543 Terra
817 3478 956 3553 Sancta,
981 3485 1137 3543 mortuus
1158 3486 1224 3555 est,
1247 3497 1324 3542 cnm

373 3576 519 3640 sedisset
534 3598 649 3642 mense
665 3599 744 3654 uno,
763 3580 883 3644 diebus
902 3579 1024 3660 viginti
1041 3585 1185 3660 septem.
1239 3576 1326 3644 Post

374 3678 587 3742 vacationem
616 3699 698 3744 vero
724 3679 856 3743 dierum
883 3680 1037 3761 triginta,
1061 3679 1227 3743 successit
1247 3677 1326 3743 Cle-

372 3796 468 3841 mens
486 3779 620 3856 tertius,
638 3781 777 3845 natione
795 3780 985 3858 Romanus,
1006 3800 1051 3844 ex
1075 3787 1173 3862 patre
1186 3778 1210 3842 J
1213 3798 1325 3844 oanne

373 3876 514 3943 Scolari.
568 3879 801 3964 Baldewynus
822 3880 1082 3945 cantuariensis
1105 3899 1167 3962 per
1190 3879 1325 3945 litteras

373 3980 582 4061 apostolicas
597 3981 788 4062 prohibitus
806 3989 859 4046 est
873 3983 917 4045 ab
933 3981 1155 4046 exsecutione
1170 3979 1325 4045 ecclesias

408 4146 415 4177 ¹
434 4150 441 4176 ‘
453 4150 597 4209 Mireculo‚'
612 4151 710 4199 instead
722 4151 751 4199 os
759 4151 766 4177 ‘
776 4151 831 4199 Ma·
875 4146 885 4180 ²
901 4152 909 4178 ‘
921 4151 1027 4199 terram'
1038 4152 1060 4199 is
1071 4150 1134 4200 from
1146 4150 1185 4200 Μ.
1197 4151 1248 4200 und
1259 4151 1306 4202 Ar.

372 4215 451 4281 risle:
462 4236 494 4269 an
504 4220 607 4270 evident
618 4221 725 4270 mistake
731 4236 739 4282 ;
752 4215 820 4270 o'A.
873 4218 884 4248 ³
900 4222 907 4248 ‘
920 4221 970 4270 Dru
979 4216 995 4282 ;'
1012 4221 1116 4271 omitted
1127 4222 1154 4271 in
1165 4222 1204 4273 M.
1214 4222 1265 4272 aud
1276 4220 1323 4273 Ar.
