2896 4860
482 408 667 458 inurens.
989 390 1056 457 233

96 566 243 633 seientia
268 565 484 650 praeelarum,
503 567 651 650 primum
673 567 716 630 de
739 565 856 630 ordine
881 564 1056 631 Praediea·

98 675 214 734 torum
252 666 403 731 institnit
443 665 537 731 tituli
574 666 610 730 S.
638 665 776 730 Sabinae
816 666 1054 750 presbyterum

98 767 319 833 cardinalem.
371 765 443 831 Hie
460 765 619 831 doctrina
638 785 724 830 sana
749 776 784 830 et
801 765 978 848 perlucida
1001 774 1054 831 te·

98 875 174 934 tam
191 867 342 933 Bibliam
358 866 574 949 postiliavit:
600 866 933 932 Concordantiarum
949 866 1055 930 etiam

100 966 227 1034 Bibiiee
249 967 386 1032 exstitit
407 967 539 1050 primus
556 974 689 1031 auctor.
743 966 966 1030 Innocentius
989 967 1055 1030 iste

99 1068 308 1134 senteutiam
331 1066 712 1143 excommunicationis,
733 1086 754 1130 a
776 1085 870 1150 papa
885 1064 1057 1148 Gregorio

99 1167 354 1253 praedecessore
370 1186 434 1231 suo
452 1167 488 1230 in
503 1166 722 1231 Frederieum
747 1166 866 1241 latam,
885 1185 1056 1231 renovans

99 1267 332 1334 confirmavit.
381 1266 570 1350 Templarii
595 1266 631 1330 in
657 1265 780 1331 Aehon
798 1267 1115 1350 Hospitalariosme

96 1367 297 1435 obsidentes
337 1375 374 1432 et
408 1374 655 1450 persequentes
688 1366 883 1445 crudeliter,
916 1376 1055 1449 treugas
1068 1335 1187 1476 {QZ}

99 1488 180 1536 enm
210 1467 364 1532 Soldano
384 1466 589 1550 Babyloniae
620 1486 681 1550 per
698 1465 888 1532 Ricardum
913 1466 1055 1531 fratrem
1091 1448 1129 1488 ⁰⁸¹³
1177 1447 1218 1476 ‘¹⁸'

101 1566 196 1652 regis
219 1566 358 1650 Angliee
384 1566 501 1644 initas,
540 1567 575 1629 in
601 1585 718 1631 eorum
733 1560 962 1649 ¹insregernnt
984 1568 1057 1631 edi·

102 1689 175 1747 nm,
189 1687 267 1733 cum
284 1665 445 1732 Soldanis
460 1666 538 1730 aliis
558 1674 598 1731 ut
615 1660 760 1731 dicitur²
770 1667 898 1731 foedere
920 1668 1055 1732 sociati.

104 1768 188 1835 Hoc
204 1787 297 1835 anno
312 1767 480 1849 magister
496 1766 667 1831 Ricardus
685 1767 727 1830 de
738 1760 904 1844 ³Wiehia,
915 1767 1056 1849 Wigor·

101 1869 234 1935 niensis
249 1867 421 1944 dimensis,
438 1865 612 1949 quondam
629 1867 722 1931 beati
736 1867 930 1931 Eadmundi
946 1868 1058 1931 archi-

102 1969 258 2054 episcopi
274 1967 534 2033 Cantuariensis
560 1967 798 2044 cancellarius,
814 1966 852 2031 fit
875 1968 1057 2050 episeopus

104 2067 343 2135 cicestrensis.
405 2066 602 2132 Wilielmns
629 2066 671 2131 de
695 2061 851 2150 ⁴Ralegh
881 2068 1058 2132 Northwi·

102 2170 229 2246 censis,
257 2168 302 2232 ad
326 2166 603 2232 Wintoniensem
627 2167 862 2251 episcopatum
891 2169 1057 2233 transser-

104 2277 173 2335 tur.
226 2267 396 2333 Dominus
420 2286 512 2350 papa
535 2267 689 2349 Rogero,
712 2269 914 2350 praecentori
936 2268 1057 2332 Sares·

103 2369 265 2446 bariensi,
287 2367 411 2432 Romae
428 2367 604 2446 existenti,
625 2367 892 2433 Bathoniensem
909 2369 1058 2435 contulit

102 2469 340 2554 presulatum.

119 2686 250 2725 n.s.r.e.
342 2683 540 2721 aasumensi
553 2685 578 2722 a.
699 2686 853 2723 rusueosusr
894 2688 1032 2724 nsenosen

114 2742 251 2811 W
267 2772 413 2810 innectum
426 2772 461 2810 ιν.
489 2772 661 2811 intonaretur.

371 2865 378 2880 .
592 2865 599 2880 .
759 2835 798 2882 18.
939 2836 980 2881 28.

154 2981 280 3047 strn
307 2980 466 3065 princeps
480 2981 633 3060 Walliae,
659 2983 752 3066 regis
771 2982 911 3066 Angliee
937 3004 982 3048 ex
1005 3004 1059 3049 so
1072 2992 1147 3040 Μὰ·

104 3100 185 3149 rere
205 3101 325 3165 nepos,
345 3081 550 3147 innocentio
568 3102 668 3166 papae
684 3084 870 3166 suggessit,
888 3086 1060 3169 principa·
1071 3042 1176 3143 &30⁰¹

104 3191 180 3249 tum
196 3182 335 3247 Walliee
358 3182 403 3246 ad
425 3182 579 3247 eeclesiae
603 3183 771 3248 Romanae
793 3184 930 3249 seedurn
953 3187 1059 3270 perti·
1071 3145 1191 3286 3331?ss
1200 3195 1225 3236 α

103 3302 199 3362 nere,
222 3302 329 3366 seque
356 3282 400 3348 de
428 3302 509 3365 rege
535 3282 674 3365 Angliae
700 3292 817 3349 tenere
845 3286 1060 3369 compulsum
1116 3256 1170 3297 Μ’

103 3384 244 3470 injuste.
289 3381 440 3467 Propter
456 3383 548 3466 quod
571 3385 711 3467 scripsit
727 3404 880 3450 summus
903 3388 1060 3470 pontifex

106 3484 228 3550 abbati
249 3477 508 3548 de⁵Aberconu
532 3502 636 3566 snper
663 3484 728 3549 hoe
753 3487 904 3568 negotio,
927 3487 970 3552 de
993 3508 1062 3572 que

105 3584 243 3669 plenius
268 3584 458 3649 instructus
487 3584 552 3647 sub
583 3584 855 3651 dissimulatione
886 3588 1060 3653 transivit.

107 3684 280 3751 Soldanus
314 3683 530 3769 Babyloniae,
570 3704 675 3768 super
709 3693 832 3768 treuga
868 3688 1062 3771 interrupta

142 3932 485 4002 ¹‘fregerunt;'M.etAr.
632 3934 843 3999 “Abertoun;·
893 3939 954 3989 eod.
997 3940 1063 4002 leg.

143 4002 377 4068 '‘fideliter3‘dr.
598 4007 785 4070 Abereouway,
820 4011 846 4058 in
885 4010 1063 4060 Carmarthen·

142 4072 301 4140 ⁸‘Wicha;‘
314 4079 353 4128 M.
365 4083 389 4128 et
401 4078 448 4128 Ar.
598 4078 683 4127 shiret
709 4078 794 4128 where
813 4079 882 4129 there
897 4096 952 4131 was
969 4096 985 4130 a
1004 4082 1064 4131 Cis·

105 4226 129 4271 n
137 4148 160 4272 ¹⁴4
167 4153 176 4181 ‘
185 4150 283 4202 Rnieeh
291 4149 324 4199 de
334 4149 358 4199 N
361 4149 497 4199 orwieensi
506 4143 520 4210 3'
532 4149 573 4200 M.
597 4149 693 4198 tercian
704 4154 855 4211 monastery.

162 4238 186 4273 r.
