2896 4860
514 395 699 447 annasse.
1021 383 1087 448 895

185 542 246 614 ¹ln
262 549 351 615 festo
368 549 607 630 Pentecostes,
624 553 730 618 finitis
757 552 887 635 treugis
905 572 983 637 qum
1006 574 1083 619 cum
1100 576 1191 617 mena

136 649 251 714 Scotis
269 651 365 715 initae
383 650 532 730 fuerant,
548 673 612 717 rex
629 654 722 719 circa
739 653 864 717 festum
882 653 918 718 S.
936 654 959 718 J
963 656 1086 719 oannis
1099 624 1230 722 lifollli‘

135 751 305 832 Baptistae
324 751 359 813 in
386 751 538 818 Scotiam
562 753 792 836 proficiscitur
817 754 973 818 exercitu
999 755 1086 819 adu·
1099 728 1237 817 :iiiiii-¹⁸

135 857 230 914 nato.
282 851 444 934 Dumque
466 853 502 917 in
529 853 648 919 Scotia
673 853 852 931 hiemaret,
877 855 931 917 sui
959 856 1087 921 multos
1099 838 1152 878 Μ’

136 969 243 1032 equos
274 971 419 1033 magnos
445 953 679 1035 perdiderunt,
705 962 847 1037 propter
874 953 1000 1036 foragii
1031 955 1088 1019 de·

135 1048 261 1114 fectum
279 1058 432 1134 ternpore
450 1053 587 1135 frigoris
608 1053 776 1118 hiemalis.
824 1052 953 1117 Tenuit
971 1063 1087 1119 autem

135 1168 198 1213 rex
230 1150 322 1234 apud
361 1151 513 1216 Linlisco
548 1153 674 1218 testum
710 1153 903 1218 Dominioae
945 1152 1087 1219 Nativi-

136 1249 229 1314 tatis.

156 1462 286 1500 mnae.
376 1464 574 1502 machinosum
588 1465 613 1500 a.
722 1466 875 1502 FRANCORUM
901 1466 904 1515 Ι
927 1468 1066 1503 suetonum

175 1551 269 1588 neten.
317 1551 506 1587 nontrmnvnr.
538 1542 694 1588 amsans*
720 1552 878 1590 rnrrrrrrrv.
922 1554 1072 1590 suwaauu.

593 1613 618 1658 4.
782 1613 820 1658 17.
975 1616 1016 1659 tlt).

186 1750 273 1814 Rex
297 1749 435 1832 Angliae
461 1750 505 1814 ad
525 1751 727 1815 instantiam
746 1750 837 1832 regis
861 1751 1086 1830 Francorum,
1099 1774 1187 1815 arms

135 1849 235 1933 cujus
267 1870 376 1933 nuper
412 1870 564 1914 sororem
599 1851 761 1927 duxerat,
799 1851 912 1916 Scotis
944 1860 1086 1934 treugas
1098 1825 1218 1915 iiiiii?

135 1969 244 2031 usque
270 1951 314 2014 ad
336 1950 462 2014 festum
479 1950 641 2014 Omnium
660 1951 865 2015 Sanctorum
888 1954 1061 2017 concessit
1076 1973 1085 2034 ;
1099 1926 1241 2015 di¹di⁰‘⁸⁸'⁸

135 2050 371 2131 ordinatisque
400 2051 502 2113 rebus
528 2049 667 2127 Scotioe,
693 2069 852 2113 reversus
878 2053 992 2116 estin
1014 2052 1087 2116 An-

135 2149 253 2231 gliam,
275 2143 324 2214 ²et
350 2150 443 2213 circa
467 2148 613 2213 mediam
630 2149 942 2230 Quadragesimam
959 2153 1085 2234 parlia-

1099 2027 1200 2066 Hellen.

133 2359 196 2409 dicti
212 2361 284 2422 regni
299 2361 411 2424 Angliae,
427 2359 596 2421 presentibus
607 2408 609 2415 ,
621 2356 691 2406 laudi
714 2371 762 2407 nou
788 2356 890 2420 hahere,
907 2359 1023 2419 quamvis
1041 2373 1087 2420 per

134 2436 194 2478 sunt
218 2446 338 2493 appensa.
395 2431 464 2480 Data
488 2435 514 2478 et
539 2433 597 2477 acta
621 2427 735 2477 occultas
754 2427 861 2476 insidias
882 2429 998 2490 Anglicis
1016 2444 1086 2490 saepe

135 2500 205 2561 apud
230 2501 385 2549 Lincolniarn
407 2515 473 2549 anno
493 2499 596 2549 Domini
621 2502 772 2547 nocumenta
799 2497 927 2559 inferrent,
954 2503 1085 2560 sperantes

137 2567 255 2620 MOCC!
291 2571 368 2620 Hem.
380 2574 437 2620 tes.
622 2567 730 2615 reditum
750 2568 861 2629 regiain
878 2568 999 2631 Angliam
1020 2568 1086 2618 cele·

174 2636 180 2666 ¹
199 2640 268 2688 llere
287 2640 329 2689 the
349 2642 409 2690 Ccd.
429 2640 495 2689 Mer.
513 2638 596 2687 varies
621 2652 683 2698 rem,
695 2637 868 2687 utaudaoiam
881 2637 990 2687 hostium
1005 2640 1085 2700 repri-

135 2723 165 2757 as
174 2708 271 2758 lohows
278 2709 341 2758 from
349 2711 383 2759 all
392 2710 433 2759 the
440 2710 511 2758 other
520 2709 596 2757 mss,
607 2758 610 2773 Ι
621 2712 709 2769 meret,
716 2712 844 2768 per-totam
852 2708 958 2757 hiemem
967 2708 991 2757 iu
1000 2709 1087 2758 Sectis

134 2779 271 2829 ‘Decessit
288 2780 336 2829 hoc
354 2796 419 2829 anno
435 2794 517 2828 comes
534 2778 597 2829 Cor·
607 2776 610 2827 !
622 2777 691 2840 apud
704 2778 825 2839 Linlisco,
836 2779 880 2827 ubi
891 2784 916 2827 et
928 2777 1018 2827 festum
1031 2780 1086 2828 Na·

136 2850 221 2899 nuhiae
236 2850 412 2913 Eadmundus,
423 2852 497 2912 cujus
511 2850 597 2911 sepul·
622 2849 681 2897 talis
696 2848 800 2897 Domini
815 2849 904 2909 tenuit,
923 2849 1086 2901 morabatur!

135 2924 201 2969 turae
213 2922 239 2969 iu
253 2921 361 2970 ecclesia
376 2920 552 2969 monachorum
565 2920 596 2968 de
657 2916 668 2945 ¹
684 2918 755 2967 Here
764 2919 824 2968 Cod.
831 2918 898 2967 Mer.
910 2918 956 2967 has
968 2933 1000 2967 au
1011 2919 1086 2968 addi·

138 2989 237 3051 Huyles
260 2991 357 3052 placuit
376 2991 439 3052 regi,
457 2990 519 3051 quia
540 3004 598 3038 con·
622 2988 699 3037 tioual
719 2992 837 3037 sentence
853 2993 897 3037 not
912 2989 1046 3051 oecurring
1058 2990 1084 3037 in

136 3061 292 3121 sanguineus
304 3062 360 3121 ejus
377 3065 521 3119 erat,suam
533 3074 597 3120 prae·
623 3057 665 3107 the
682 3058 754 3107 other
773 3059 850 3109 MSS.
885 3058 959 3107 ‘Rex
981 3061 1084 3122 Angliae

136 3132 242 3178 sentiam
263 3129 391 3179 exhibere.
435 3130 476 3178 De
499 3130 598 3190 llayles
624 3128 775 3177 Panchatem
804 3129 987 3179 solemnitatem
1015 3131 1085 3193 apud

137 3214 196 3247 vero
205 3200 268 3247 abiit
280 3199 448 3259 usque—uhi
459 3199 540 3247 tenuit
548 3199 598 3248 ies-
624 3198 728 3247 Divisas
738 3196 854 3262 [tenuit;]
865 3205 890 3247 et
897 3201 991 3261 statim,
999 3215 1086 3262 perac-

137 3276 191 3317 tum
205 3269 339 3318 Paschale.
375 3269 439 3317 Post
450 3267 505 3316 haee
513 3269 599 3316 visita·
623 3272 650 3316 ta
671 3268 838 3330 solemnitate,
857 3270 1010 3319 wintoniam
1029 3287 1087 3334 pro·

139 3341 175 3388 vit
186 3341 286 3388 beatum
296 3339 417 3387 'rhomam
430 3337 599 3400 Hereiordiae,
624 3339 730 3399 perurit.
767 3339 818 3388 Ubi
830 3354 888 3388 eum
907 3341 933 3388 iu
946 3346 1029 3389 castro
1041 3357 1086 3391 rex

138 3416 164 3458 et
180 3411 231 3458 alia
251 3411 307 3459 loca
327 3414 424 3470 saneta,
442 3408 599 3470 expectando
624 3412 650 3455 et
660 3408 748 3469 regina
758 3409 949 3469 quadamnoete
960 3409 1086 3471 profundo

138 3481 234 3528 exitum
257 3485 413 3540 treugarum,
434 3493 491 3526 eum
517 3478 599 3526 Sectis
625 3491 711 3526 somrm
719 3482 871 3540 tenerentur,
881 3480 998 3540 ruptione
1009 3481 1086 3530 unius

137 3550 266 3611 initorum,
294 3564 376 3610 usque
406 3548 439 3596 ad
467 3548 599 3597 terminum
624 3548 718 3596 camini
732 3561 817 3596 omues
833 3563 880 3610 per
895 3550 1029 3599 circuitum
1044 3565 1087 3600 ea·

138 3621 311 3668 Pentecostes.
354 3620 438 3681 Igitur
453 3618 479 3666 in
493 3617 557 3667 festo
572 3618 599 3667 S.
625 3631 701 3665 meras
719 3622 779 3665 sunt
798 3632 922 3668 acceusae.
958 3619 1010 3668 Ubi
1027 3635 1087 3670 vero

138 3690 245 3739 loannis
269 3689 393 3751 Baptista.²
413 3687 541 3751 profectus
561 3692 601 3736 est
625 3686 818 3748 perpendissent
839 3687 989 3750 periculum,
1009 3691 1087 3739 assis-

137 3774 182 3808 rcx
194 3775 251 3808 cum
263 3760 375 3808 exercitu
388 3761 414 3809 in
426 3759 545 3819 scotiam,
555 3758 600 3805 oh·
611 3808 614 3827 ,
626 3761 693 3805 tante
717 3758 870 3818 protectione
895 3757 1016 3823 [divina]
1041 3776 1087 3822 per

137 3831 252 3891 seditque
260 3836 370 3878 castrum
379 3831 411 3878 de
416 3827 601 3889 'Bocheuhille
612 3828 717 3875 testium
730 3828 856 3888 quoddam
867 3827 1000 3889 parvulum
1012 3832 1038 3878 in
1049 3831 1087 3879 la·

136 3901 204 3961 quod
226 3902 280 3949 sine
304 3900 451 3948 difficultate
474 3899 601 3947 redditum
612 3880 615 3915 ¹
626 3901 678 3946 tere
695 3912 812 3959 camera,
825 3898 893 3959 quod
911 3897 1033 3948 hactenus
1049 3900 1087 3949 la·

137 3971 406 4032 estregiaevoluntati.
439 3969 602 4031 Perpendeua
626 3972 718 4026 tuerat,
737 3969 843 4029 egressi,
858 3983 955 4017 omnem
975 3970 1087 4019 incendii

137 4047 220 4090 autern
243 4042 331 4089 Scotos
350 4044 498 4102 potestatem
521 4038 602 4088 rebel·
613 4028 616 4085 Ι
627 4038 768 4087 molestiam
780 4034 929 4087 evaseruut.'

431 4170 444 4194 ⁸
459 4159 594 4215 ‘Bouhill’
605 4166 630 4213 iu
643 4165 685 4214 the
694 4165 789 4214 Mersa.
