2896 4860
542 403 725 452 araneas.
1034 387 1102 454 381

150 560 288 644 liquias,
310 581 378 625 non
403 561 477 625 sine
496 561 635 645 superni
656 562 747 627 dono
769 562 930 642 numinis,
954 582 1098 627 conver-

151 681 228 725 sum
258 663 394 726 exstitit
421 661 463 725 ad
495 662 574 726 fidei
601 662 792 728 Catholicae
820 664 1000 728 unitatem.
1055 663 1101 727 Et

151 761 300 846 qualiter
331 763 435 826 etiam
467 762 620 845 antiquis
656 763 866 845 temporibus
906 764 1101 829 Eboracen-

151 861 199 926 sis
219 862 507 945 archiepiscopus,
526 865 586 946 qui
610 871 693 928 tunc
716 873 803 939 erat,
827 872 921 929 mota
944 884 1005 947 per
1021 883 1100 929 eum

152 982 257 1046 super
292 963 372 1047 jure
420 963 684 1046 metropolitano
724 964 890 1028 adversus
937 964 1100 1047 praelatos

152 1064 278 1128 Scotiae
300 1064 503 1148 quaestione,
532 1084 654 1148 prose
678 1065 871 1147 nequiverit
892 1066 1099 1130 sententiam

153 1163 318 1230 obtinere.

204 1264 274 1328 His
299 1264 486 1348 propositis
513 1266 646 1330 monuit
672 1286 787 1348 regem
821 1266 979 1331 dominus
1009 1286 1101 1350 papa
1115 1304 1196 1353 m„
1223 1301 1240 1341 ›.

155 1385 216 1448 per
232 1365 366 1429 litteras
381 1384 476 1443 suas,
492 1365 583 1449 quod
600 1367 792 1450 episcopos,
806 1368 948 1432 abbates
962 1367 1102 1445 electos,
1115 1314 1247 1445 ffl'ssg'ffil

155 1473 191 1529 et
210 1486 328 1530 ornnes
344 1465 431 1530 alios
453 1467 550 1549 regni
565 1466 704 1545 scotiae,
724 1487 811 1550 quos
832 1467 1007 1532 detinebat
1022 1487 1103 1551 cap·

156 1565 247 1630 tivos
262 1567 297 1629 in
313 1585 461 1644 carcere,
476 1566 581 1630 libere
604 1567 698 1631 abire
715 1567 941 1650 permitteret,
958 1576 994 1632 et
1009 1567 1102 1650 quod

155 1665 317 1732 officiales
341 1686 423 1731 suos
448 1666 491 1731 de
514 1686 621 1748 regno
644 1667 771 1732 Scotiae
793 1676 983 1733 memorato
1006 1688 1105 1734 revo-

156 1776 263 1845 caret,
286 1786 373 1851 quos
397 1768 430 1830 in
458 1766 707 1852 praejudicium,
733 1768 907 1852 injuriam,
936 1776 971 1833 et
997 1787 1104 1850 grave

155 1868 356 1932 scandalum
382 1867 533 1930 fidelium
558 1868 774 1951 populorum,
792 1876 828 1933 et
847 1869 1103 1952 oppressionem

149 1967 337 2052 justorum,
371 1969 406 2030 in
435 1967 529 2032 dicto
558 1987 665 2049 regno
695 1977 868 2034 statuerat
899 1977 934 2033 et
967 1969 1102 2034 ordina·

155 2078 266 2146 verat,
299 2070 349 2132 ita
377 2067 467 2151 quod
508 2069 685 2150 acceptior
714 2077 749 2134 et
790 2069 977 2150 gratiosior
1008 2069 1105 2134 fieret

157 2169 249 2247 Duc,
279 2176 313 2233 et
343 2168 495 2232 favorem
527 2168 729 2251 apostolicae
761 2169 852 2232 sedis
879 2170 916 2233 in
944 2168 1009 2233 boc
1038 2170 1105 2233 sibi

157 2271 350 2354 acquireret
372 2269 526 2352 plenius:
553 2269 635 2333 etsi
654 2270 690 2333 in
708 2268 827 2333 eodem
842 2288 947 2351 regno
965 2268 1103 2348 Scotiae,

156 2369 213 2434 vel
233 2371 350 2454 aliqua
375 2369 451 2453 ejus
475 2376 585 2451 parte,
602 2368 663 2453 jus
686 2369 823 2451 aliquod
849 2389 887 2432 se
906 2369 1032 2434 habere
1050 2389 1105 2435 as·

157 2481 298 2548 sereret,
329 2489 391 2552 per
419 2476 661 2552 procuratores
694 2476 730 2533 et
762 2470 902 2534 nuntios
932 2489 1027 2547 suos,
1062 2471 1105 2535 ad

158 2570 224 2635 hoc
246 2570 442 2653 specialiter
455 2570 676 2646 constitutos,
695 2590 774 2634 cum
794 2570 933 2654 juribus
954 2578 991 2634 et
1017 2563 1106 2636 ¹mo·

160 2672 332 2735 numentis
365 2669 562 2753 hujusmodi
592 2669 769 2750 nogotium
810 2671 1031 2753 tangentibus
1062 2671 1105 2737 ad

158 2772 275 2836 sedem
302 2769 527 2852 apostolicam
561 2769 762 2846 destinaret,
792 2790 896 2853 super
918 2771 1107 2853 praemissis

159 2872 271 2955 plenae
299 2870 588 2953 complementum
609 2870 758 2955 justitiae
784 2878 995 2954 recepturus.

210 2972 290 3036 Rex
320 2971 519 3055 apostolicis
551 2970 688 3049 litteris,
722 2991 767 3036 ex
799 2971 987 3037 deliberato
1015 2972 1107 3054 apud

160 3073 374 3137 Lincolniam
397 3080 588 3137 convocato
606 3072 764 3149 concilio,
788 3093 851 3155 pro
866 3072 946 3157 jure
967 3092 1031 3137 suo
1048 3073 1107 3137 de·

160 3172 335 3248 clarando,
352 3171 502 3236 litteram
519 3171 622 3256 hujus
640 3173 769 3237 tenoris
786 3174 980 3256 rescripsit:

209 3266 237 3306 ²‘
252 3271 454 3335 Altissimus
469 3272 643 3353 inspector
658 3266 863 3354 ⁸[cordium]
878 3282 1005 3341 nostrae
1022 3274 1107 3339 scri·
1121 3308 1227 3350 Μαι.

162 3373 219 3437 nio
242 3372 414 3436 memoriae
432 3370 605 3436 indelebili
616 3372 709 3455 stylo
732 3374 829 3438 novit
843 3373 996 3451 inscribi,
1015 3375 1105 3459 quod
1120 3360 1270 3459 {illem

161 3482 395 3539 antecessores
429 3480 465 3536 et
491 3473 727 3554 progenitores
760 3474 882 3550 nostri,
911 3494 1009 3557 reges
1034 3461 1248 3561 An·{},⁸,'¹{„²ss„„

161 3576 253 3657 gliae,
279 3574 359 3658 jure
386 3572 573 3654 superioris
598 3580 634 3637 et
658 3572 780 3636 directi
808 3573 949 3637 dominii
974 3577 1018 3639 ab
1046 3562 1227 3653 an·3{¹,‘{1,3{„

161 3674 363 3758 tiquissimis
398 3680 490 3737 retro
522 3674 733 3755 temporibus
763 3693 871 3755 regno
902 3674 1041 3752 Scotiae,
1074 3684 1110 3741 et

197 3885 204 3916 ¹
222 3876 419 3941 ‘munimentis3’
428 3881 466 3931 M.
483 3880 545 3929 'l'his
553 3879 622 3928 word
648 3879 694 3932 Ar.
705 3882 764 3940 220,
776 3884 801 3940 7,
814 3880 865 3928 and
872 3882 927 3932 Cot.
936 3882 991 3930 Μ.
1004 3882 1039 3932 Ι).
1056 3882 1107 3932 Ac·

161 3955 185 4003 is
203 3954 250 4003 lelt
271 3954 349 4004 blank
372 3953 397 4000 in
418 3951 466 4001 Ar.
485 3954 551 4010 220;
578 3952 624 3999 but
647 3950 752 4011 cording
768 3954 794 3998 to
811 3950 920 4013 Tanner,
942 3951 1109 4014 Bibliotheca,

161 4025 229 4073 filled
249 4041 285 4088 up
306 4027 338 4087 by
354 4022 550 4084 ‘munimentia’
559 4021 622 4071 from
648 4020 809 4069 thisanswer
825 4035 880 4069 was
893 4022 1018 4083 compiled
1030 4024 1064 4085 by
1072 4023 1107 4075 G.

160 4095 241 4144 Wals.
648 4090 799 4152 Rishanger.
835 4092 883 4141 See
896 4093 1026 4143 snbroce.

196 4162 271 4214 ’See
282 4161 333 4209 this
346 4161 372 4209 in
384 4164 486 4224 Rymer,
498 4163 526 4213 ii.
538 4166 587 4212 ⁵⁵9
598 4167 623 4211 et
682 4157 772 4209 'This
785 4161 853 4211 word
869 4162 891 4211 is
907 4162 971 4212 imm
991 4164 1065 4226 Itym.
1079 4164 1108 4214 ii.

161 4252 225 4299 seq„
240 4233 374 4295 compared
389 4234 452 4282 with
469 4241 521 4282 two
537 4232 623 4295 MSS,
646 4234 703 4280 ⁶⁵9.
