2896 4860
566 444 745 494 inurens.
1067 429 1131 494 211

178 602 395 686 crucifigens,
404 610 440 668 et
450 604 618 686 stigmata
629 603 807 669 vulnerum
822 601 952 667 Christi
963 605 1130 687 supersti-

180 704 274 769 tione
289 704 439 787 qnadam
452 704 706 781 circumferens,
722 711 889 787 perpetuo
904 704 1117 768 immuratur.

230 802 312 868 Hoc
334 823 438 882 anno,
459 805 496 868 in
516 804 670 887 capitulo
693 804 836 869 fratrum
858 804 1129 869 Praedicatorum
1142 821 1292 911 energumin-

179 904 334 988 generali
351 906 465 982 tertio,
480 905 572 988 quod
591 905 734 969 Parisiis
749 904 958 969 celebratum
974 912 1039 982 est,
1053 925 1130 969 suc·
1141 883 1247 963 ithai·

179 1023 299 1070 cessor
318 1004 411 1070 beati
438 1005 611 1070 Dominici
634 1006 669 1069 in
691 1004 889 1087 magisterio
914 1006 1042 1069 ordinis
1061 1005 1130 1069 sra-

178 1112 271 1170 trum
296 1104 568 1171 Praedicatorum
593 1106 707 1170 sactus
736 1112 791 1169 est
813 1104 921 1170 frater
941 1106 1130 1184 Jordanus,

179 1206 322 1271 natione
351 1204 572 1283 Teutonicus,
606 1205 765 1270 dioecesis
796 1204 1035 1288 Maguutinae3
1071 1208 1130 1289 qui

180 1324 259 1372 cum
276 1305 421 1371 Parisiis
440 1306 476 1370 in
494 1306 646 1371 scientiis
667 1305 891 1370 saecularibus
908 1313 943 1370 ct
957 1305 1130 1390 praecipue

179 1406 216 1471 in
237 1406 491 1471 mathematicis
516 1425 664 1489 magnus
690 1406 884 1483 haberetur,
911 1407 1017 1470 libros
1043 1406 1130 1471 duos

180 1506 365 1572 admodum
379 1506 495 1584 utiles,
508 1525 615 1570 unum
629 1506 672 1569 de
684 1505 912 1583 Ponderibus,
924 1507 1072 1571 etalium
1087 1507 1130 1572 de

180 1606 299 1672 Lineis
315 1606 419 1685 datis,
429 1605 555 1671 dicitur
569 1605 728 1671 edidisse.
757 1599 904 1671 ¹Postea
919 1607 962 1670 ad
978 1607 1130 1671 studium

179 1705 365 1789 heologiae
392 1727 431 1772 se
460 1706 683 1783 transferens,
717 1706 855 1771 tandem
888 1706 932 1770 ad
962 1708 1128 1789 praedica·

179 1808 310 1895 tionem
330 1807 448 1871 fratris
466 1806 664 1889 Reginaldi,
685 1805 727 1870 de
746 1827 815 1890 quo
837 1826 943 1890 supra
965 1806 1058 1872 facta
1076 1815 1130 1872 est

179 1908 323 1985 mentio,
344 1906 498 1972 ordinem
519 1907 792 1971 Praedicatorum
821 1907 995 1989 ingressus
1018 1907 1053 1972 in
1074 1907 1129 1972 die

178 2006 355 2084 cinerum,
374 2006 455 2070 dum
469 2006 593 2071 fratres
609 2007 703 2072 illam
717 2006 943 2090 antiphonam
960 2001 988 2042 ²⁴
1000 2007 1130 2072 Immu-

179 2116 294 2173 temnr
323 2106 460 2171 habitu’
493 2107 727 2172 decantarent.
774 2106 876 2172 Circa
902 2127 944 2171 ea
974 2116 1131 2190 tempora

179 2207 282 2273 multi
298 2207 365 2273 viri
382 2206 527 2272 scicntia
547 2214 583 2271 et
598 2208 781 2271 sanctitate
803 2207 968 2285 illustres,
986 2209 1130 2292 abjectis

178 2307 398 2375 esculanum
421 2307 618 2372 divitiarum
640 2308 759 2389 copiis,
779 2307 976 2372 Crinissum
1000 2328 1129 2391 paupe-

178 2428 252 2474 rem
271 2407 401 2472 imitari
420 2414 597 2485 conantes,
615 2408 659 2472 ad
678 2407 948 2472 Praedicatomm
964 2415 1000 2472 et
1017 2408 1130 2473 Mino

179 2526 256 2572 rum
289 2506 427 2572 ordines
458 2506 710 2572 confluxerunt.
779 2508 876 2572 Inter
912 2527 999 2592 quos
1033 2518 1132 2573 erant

179 2600 354 2673 ’loannes
382 2606 426 2671 de
453 2607 582 2672 Sancto
610 2608 763 2690 AEgidio,
789 2615 823 2672 et
848 2602 1066 2673 *Alexander
1089 2610 1234 2719 d⁰g⁰¹¹l¹ffs

181 2706 306 2784 Hales,
326 2707 485 2772 doctores
505 2709 541 2771 in
560 2727 661 2773 sacra
679 2708 854 2790 theologia
872 2710 983 2786 ambo,
1006 2716 1041 2773 et
1058 2708 1132 2774 An·
1160 2687 1174 2720 ι’
1192 2698 1200 2719 ¹
1218 2691 1247 2719 ‘⁸'

180 2806 264 2891 glici
279 2809 439 2872 natione:
464 2828 610 2891 quorum
629 2807 652 2872 J
655 2827 783 2872 oannes
805 2810 840 2872 in
864 2808 966 2872 domo
988 2808 1131 2873 fratrum

182 2906 455 2974 Praedicatorum
472 2928 663 2973 sermonem
681 2908 811 2973 faciens
834 2909 877 2972 ad
896 2908 1035 2985 clerum,
1054 2929 1131 2973 cum

179 3009 349 3073 masisset
368 3016 608 3092 paupertatem
626 3009 867 3086 voluntariam,
889 3017 930 3072 ut
946 3009 1053 3073 verba
1069 3029 1133 3074 sua

180 3108 339 3193 exemplo
355 3109 585 3187 confirmaret,
609 3110 818 3173 descendens
834 3109 876 3173 de
891 3110 1046 3187 ambone,
1070 3109 1131 3174 ha·

180 3208 292 3274 bitum
317 3207 463 3274 fratrum
494 3211 635 3292 recepit,
667 3217 702 3273 et
729 3210 848 3273 eodem
878 3228 1054 3290 regressus
1088 3210 1131 3273 ad

219 3417 227 3451 ¹
243 3420 293 3471 See
328 3420 421 3472 Quetii
452 3421 503 3470 eud
535 3420 647 3481 Echard,
671 3422 728 3471 cion
739 3437 794 3472 was
811 3438 828 3470 a
843 3423 947 3471 distinct
962 3437 1053 3483 person
1071 3422 1133 3472 irom

181 3490 276 3555 &rint
288 3490 353 3541 Ord.
365 3491 444 3541 Pred.
460 3492 511 3542 vol.
522 3492 541 3541 i.
558 3507 584 3554 p.
596 3496 647 3553 985
671 3492 713 3542 the
725 3492 833 3555 English
848 3492 1001 3555 schoolmau,
1015 3494 1091 3555 being
1102 3508 1135 3543 an

181 3562 234 3611 aad
252 3562 284 3612 B.
295 3561 415 3612 Jordan's
431 3561 486 3612 Life
502 3562 531 3613 oi
544 3564 581 3612 st
593 3562 647 3611 Do-
671 3563 800 3612 Athenian
810 3564 844 3625 by
855 3562 922 3612 birth
933 3564 983 3611 and
995 3564 1095 3613 amonlr
1106 3563 1135 3613 oi

181 3632 270 3695 mlnlc,
279 3632 343 3682 ibid.
355 3647 381 3694 p.
391 3636 416 3681 2.
672 3632 771 3694 Corbey
783 3634 808 3681 in
820 3633 863 3682 the
876 3634 935 3682 lach
946 3638 1059 3695 century.

218 3698 392 3753 'Oneofthe
403 3702 527 3765 anthemo,
538 3703 648 3765 namely,
706 3700 716 3730 ⁴
732 3704 879 3753 Alexander
905 3704 937 3753 de
966 3704 1056 3765 Hales,
1079 3717 1135 3752 sur-

183 3772 288 3834 mally
306 3786 373 3834 sung
392 3773 470 3822 while
485 3773 527 3821 the
547 3772 647 3823 faithful
672 3774 1136 3837 nmeu‘Thelrrolragablelroctor:

183 3856 229 3893 tre
243 3842 322 3904 being
339 3842 428 3904 sigued
444 3842 506 3891 with
521 3842 597 3892 ashes
615 3859 647 3893 on
672 3857 727 3892 was
744 3859 760 3892 a
775 3839 858 3894 native
875 3842 904 3892 ol'
918 3844 1000 3893 Hales
1017 3845 1043 3893 in
1056 3843 1137 3893 Glou·

181 3912 251 3963 their
268 3912 410 3974 loreheads,
425 3918 453 3961 at
468 3912 510 3963 the
525 3913 599 3976 altar,
614 3930 646 3963 on
673 3914 831 3964 oestershire.
868 3915 919 3964 His
933 3915 994 3964 Sum
1014 3914 1043 3964 oi
1056 3913 1137 3965 Theo-

181 3982 425 4045 Aah-Wadnesday.
673 3983 733 4046 logy
742 3984 789 4034 has
799 3986 863 4034 been
871 3984 1014 4048 frequently
1022 3985 1136 4048 printed:

219 4050 296 4102 ’For
311 4067 344 4101 sn
360 4058 468 4103 account
484 4052 513 4102 of
524 4052 565 4102 his
580 4053 649 4102 writ·
674 4053 714 4103 his
721 4054 934 4117 Commentaryon
940 4055 982 4104 the
992 4057 1137 4117 Sentences,

183 4125 243 4187 inge
258 4137 302 4172 see
318 4123 411 4185 Script
423 4122 488 4172 Ord.
501 4124 579 4185 Pred.
590 4124 609 4173 i.
621 4139 648 4186 p.
674 4129 701 4172 at
713 4125 807 4187 Lyons,
820 4128 901 4185 1515;
918 4126 969 4174 and
986 4126 1026 4174 his
1037 4128 1098 4175 Sum
1111 4126 1140 4175 ol

182 4193 338 4257 1⁰⁰‚where
349 4192 393 4243 the
402 4192 505 4243 learned
517 4194 649 4244 collectore
674 4194 787 4258 virtues,
795 4199 823 4245 at
832 4195 916 4257 Paris,
926 4201 997 4246 1509.
1027 4196 1135 4245 lledicd

180 4264 284 4315 mk
301 4262 356 4313 that
373 4264 484 4327 Egidine
502 4264 544 4314 the
563 4264 649 4326 physi·
675 4272 702 4313 at
713 4266 789 4315 Paris
800 4266 826 4313 in
840 4270 910 4316 124⁵.

944 4356 986 4399 rh
