2896 4860
360 367 426 433 394
729 384 963 433 urcrmvnrr

200 558 335 600 metuar
363 542 457 605 ribus
488 540 771 622 irrefragabiliter
802 533 1023 615 ¹observatae,
1051 538 1314 621 responderunt,

200 620 245 649 Μ’
363 649 425 706 ant
438 641 642 724 respondere
658 641 840 705 debebant.

415 742 540 805 ‘Unde
572 741 691 806 habito
717 748 870 805 tractatu
901 748 937 803 et
959 738 1204 803 deliberatione
1237 738 1314 803 dili-

364 842 460 924 genti
487 861 591 924 super
620 842 792 905 contentis
819 842 855 904 in
883 840 1009 903 litteris
1037 839 1162 903 vestris
1184 858 1314 903 memo·

201 664 291 702 otrance.

364 941 462 1018 ratis,
493 941 694 1019 communis,
718 959 872 1018 concors,
899 948 934 1004 et
963 939 1134 1003 unanimis
1159 939 1312 1004 omnium

363 1050 560 1106 nostrornm
586 1048 621 1104 et
643 1041 858 1123 singulorum
878 1058 1066 1104 consensus
1088 1039 1163 1116 fuit,
1186 1046 1249 1115 est,
1277 1047 1314 1104 et

364 1143 430 1206 erit
452 1142 664 1219 inconcusse,
687 1141 767 1205 Duo
788 1141 950 1224 propitio,
975 1140 1012 1203 in
1035 1140 1200 1217 futurum,
1217 1140 1311 1221 quod

363 1243 528 1324 praelatus
545 1240 703 1306 domiuus
725 1248 842 1305 noster
859 1259 920 1304 rex
943 1259 1047 1322 super
1060 1239 1197 1323 juribus
1214 1240 1312 1321 regni

364 1340 503 1418 Scotioe,
529 1351 590 1406 aut
617 1342 694 1405 aliis
723 1342 795 1404 suis
827 1340 1085 1423 temporalibus,
1114 1339 1312 1404 nullatenus

243 1503 252 1530 Ι
364 1441 570 1523 respondeat
593 1441 804 1525 judicialiter
832 1459 948 1504 coram
983 1440 1093 1517 vobis,
1128 1459 1191 1503 nec
1217 1439 1313 1523 jndi-

361 1541 453 1605 cium
478 1542 602 1606 subeat
629 1560 770 1623 quoquo
796 1540 910 1617 modo,
936 1548 998 1603 aut
1021 1539 1104 1622 jura
1126 1558 1190 1602 sua
1220 1559 1310 1623 prae·

361 1641 455 1704 dicta
472 1640 507 1704 in
524 1640 664 1704 dubium
680 1641 883 1722 quaestionis
897 1639 1057 1716 deducat,
1078 1644 1141 1703 nec
1159 1638 1201 1702 ad
1223 1660 1310 1721 prae·

361 1741 508 1804 sentiam
523 1748 674 1804 vestram
693 1748 934 1822 procuratores
951 1748 1012 1805 aut
1027 1738 1166 1803 nuntios
1182 1740 1225 1803 ad
1244 1739 1310 1804 hoc

361 1840 501 1918 mittat,
543 1841 717 1923 praecipue
747 1859 825 1903 cnm
850 1840 1030 1922 praemissa
1056 1839 1217 1903 cederent
1239 1860 1310 1904 ma-

362 1940 485 2003 nifeste
517 1940 553 2003 in
586 1938 887 2004 exheredationem
917 1940 1008 2023 juris
1041 1958 1176 2004 coronae
1208 1941 1308 2021 regni

360 2038 513 2122 Angliae,
539 2047 574 2104 et
595 2040 700 2121 regiae
722 2040 913 2122 dignitatis,
936 2059 977 2103 ac
997 2039 1033 2103 in
1053 2039 1309 2104 subversionem

361 2148 474 2204 status
496 2140 648 2224 ejusdem
670 2141 768 2221 regni
791 2140 973 2217 notoriam,
1001 2159 1063 2204 nec
1080 2140 1199 2205 nonin
1223 2160 1309 2222 prae-

355 2240 525 2324 judicium
540 2241 722 2316 libertatis,
747 2239 1045 2316 consuetudinum,
1063 2248 1098 2304 et
1114 2240 1227 2321 legum
1247 2259 1309 2322 pa·

361 2347 557 2418 ternarum3
590 2341 633 2402 ad
660 2360 805 2422 quarum
833 2341 1109 2403 observationem
1131 2347 1166 2403 et
1194 2338 1308 2404 defen·

358 2441 487 2504 sionem
514 2460 559 2503 ex
586 2439 702 2504 debito
736 2440 883 2522 praestiti
903 2439 1093 2522 juramenti
1122 2438 1306 2522 adstringi·

359 2559 447 2617 mur,
470 2547 505 2603 et
528 2558 606 2622 quae
632 2558 736 2602 mann
759 2539 950 2603 tenebimus
973 2546 1046 2603 toto
1076 2559 1189 2621 posse,
1209 2542 1309 2604 totis·

358 2659 426 2722 que
449 2640 579 2704 viribus
603 2658 680 2702 cum
700 2639 771 2703 Du1
792 2639 924 2703 auxilio
947 2639 1178 2703 defendemus.
1232 2639 1308 2703 Nec

359 2741 463 2804 etiam
490 2739 720 2821 permittimus
746 2746 808 2803 aut
836 2738 1034 2821 aliqualiter
1059 2740 1308 2821 permittemus,
1339 2733 1347 2741 ’

358 2840 450 2903 sicut
472 2858 534 2903 nec
553 2858 737 2921 possumus
759 2858 823 2902 nec
845 2838 1020 2915 debemuS,
1039 2839 1217 2920 praemissa
1235 2848 1307 2903 tam

359 2939 511 3016 insolita,
540 2937 703 3013 indebita,
738 2938 998 3022 praejudicialia,
1030 2947 1066 3002 et
1094 2939 1182 3003 alias
1210 2940 1308 3003 inau-

359 3039 433 3103 dita
453 3038 670 3121 praelibatum
691 3037 865 3102 dominum
884 3046 1038 3103 nostrum
1053 3058 1166 3121 regem
1184 3037 1306 3125 (etiam

359 3139 388 3202 si
418 3134 539 3222 vellet)
565 3138 689 3214 facere,
718 3157 780 3202 sen
813 3137 914 3202 modo
942 3137 1097 3220 quolibet
1123 3148 1306 3206 attentare.

360 3237 532 3316 Quocirca
557 3238 736 3302 sanctitati
764 3247 889 3303 vestrae
916 3247 1112 3304 reverenter
1140 3248 1176 3303 et
1197 3240 1308 3304 humi-

358 3338 438 3402 liter
470 3338 717 3421 supplicamus,
747 3346 917 3420 qnatenus
951 3339 1096 3402 eundem
1130 3338 1306 3404 dominum

359 3446 514 3503 nostrum
542 3457 671 3520 regem,
696 3439 756 3521 qui
783 3440 874 3502 inter
907 3438 994 3503 alios
1021 3439 1192 3522 principes
1214 3442 1307 3503 orbis

360 3546 460 3603 terrae
480 3537 688 3602 catholicum
714 3559 752 3602 se
773 3538 924 3614 exhibet,
947 3546 981 3602 et
1005 3538 1174 3603 Romanae
1200 3540 1307 3604 eccle·

359 3639 420 3702 siae
449 3638 624 3715 devotum,
644 3638 726 3721 jura
754 3658 818 3703 sua
846 3647 881 3702 et
906 3639 1095 3716 libertates,
1124 3648 1308 3704 consuetu·

359 3738 470 3816 dines,
500 3747 536 3802 et
566 3739 661 3820 leges
697 3738 893 3822 praedictas,
925 3739 1054 3821 absque
1084 3738 1307 3804 diminutione

359 3846 395 3903 et
428 3839 680 3921 inquietatione
714 3839 856 3921 pacifico
887 3838 1074 3921 possidere,
1106 3858 1148 3904 ac
1174 3840 1309 3905 illibata

358 3939 541 4021 persistere
558 3937 739 4020 benignius
757 3931 991 4022 permittatis²

393 4110 593 4176 '‘observare3'
604 4116 644 4164 M.
850 4118 936 4180 sigilla
964 4123 1058 4178 nostra,
1087 4122 1137 4166 tam
1160 4133 1206 4179 pro
1227 4120 1309 4182 nobis,

392 4184 402 4213 2
418 4188 425 4213 ‘
437 4186 468 4234 In
491 4188 565 4248 cujus
589 4187 626 4234 rei
648 4187 820 4236 testimonium
850 4202 925 4250 quarn
937 4202 983 4250 pro
993 4192 1046 4237 tota
1057 4189 1233 4238 communitate
1244 4204 1309 4251 prae·
