2896 4860
336 371 401 437 loo
693 391 766 439 ruo.
789 390 936 438 rmvnrr

337 554 463 612 terram
501 567 598 612 suam
636 555 717 613 ante
753 547 827 613 dies
865 546 1097 632 quadraginta
1128 536 1290 612 exactos.

336 647 506 713 Discessit
530 648 637 731 igitur
659 667 721 713 rex
750 648 962 713 Francorum
981 667 1005 713 a
1024 647 1135 712 Terra
1156 646 1288 712 Sancta

335 746 370 810 in
392 747 448 813 die
470 749 507 813 S.
526 748 623 813 Petri
645 748 689 812 ad
707 741 868 826 vincula,l
895 748 987 813 datis
1007 747 1102 812 eiad
1123 755 1285 830 rogatum

335 866 435 913 suum
467 868 489 912 a
517 866 599 931 rege
621 848 774 913 Ricardo
800 848 909 931 galeis
930 848 1085 925 dnahos;
1115 848 1187 931 qui,
1213 853 1285 911 tam

335 948 491 1013 beneficii
508 968 612 1033 quam
624 949 813 1034 juramenti
829 950 1019 1025 immemor,
1036 949 1071 1012 in
1093 966 1157 1012 suo
1171 946 1286 1011 reditu

334 1046 371 1111 in
399 1049 582 1115 Franciam
601 1056 712 1114 terras
733 1049 826 1131 regis
849 1047 991 1113 Ricardi
1011 1048 1151 1113 invasit.
1204 1046 1287 1112 Rex

336 1146 520 1228 Ricardus,
541 1156 622 1232 post
637 1150 824 1214 discessum
846 1148 939 1230 regis
963 1149 1188 1224 Francorum,
1210 1165 1284 1211 om-

334 1267 413 1313 nem
443 1249 598 1315 adhibuit
624 1268 765 1332 operam
790 1248 896 1312 muris
923 1248 1075 1313 civitatis
1099 1244 1225 1311 Achon
1247 1247 1285 1312 in

334 1348 440 1412 altius
467 1358 504 1415 et
527 1349 712 1432 perfectius
734 1348 946 1432 reparandis.
999 1347 1202 1430 Reliqnerat
1222 1365 1286 1411 an·

262 1476 266 1489 ·
334 1454 403 1513 tem
428 1468 491 1513 rex
520 1449 677 1515 Franciee
703 1449 740 1513 in
763 1467 869 1512 manu
889 1447 987 1512 ducis
1013 1445 1226 1529 Burgundio
1247 1455 1285 1512 ct

334 1546 501 1613 Marchisi
530 1557 663 1632 partem
693 1567 792 1612 suam
819 1547 991 1625 obsidum,
1020 1555 1061 1611 ut
1091 1546 1135 1612 de
1163 1566 1284 1612 eorum

332 1647 579 1731 redemptione,
595 1668 699 1732 quarn
720 1648 915 1713 aestimabat
937 1646 1121 1711 ascendere
1137 1645 1181 1711 ad
1202 1666 1285 1711 cen·

334 1752 408 1810 tum
425 1748 534 1812 millia
554 1768 748 1825 aureorum,
770 1767 880 1830 nsque
902 1747 945 1812 ad
968 1745 1105 1810 Pascha
1125 1745 1284 1811 relictam

332 1845 380 1909 ibi
397 1847 553 1913 militiam
570 1848 758 1913 exhiberet.
794 1845 882 1912 Cum
899 1853 1015 1912 autem
1032 1845 1159 1910 Gallici
1174 1845 1281 1910 aliam

332 1946 469 2027 penitus
506 1968 575 2012 non
613 1947 780 2012 haberent
808 1946 1066 2024 exhibitionem,
1096 1946 1283 2028 plurimum

332 2047 517 2111 murmuris
547 2055 584 2112 et
608 2046 839 2112 contentionis
867 2047 957 2111 inter
981 2065 1041 2110 eos
1070 2053 1185 2111 ortum
1215 2053 1282 2123 est,

330 2165 510 2230 quousque
531 2139 611 2212 ²rex
642 2145 814 2212 Ricardus
835 2145 914 2210 duci
939 2143 1153 2228 Burgundio
1175 2164 1283 2229 snper

329 2245 467 2310 obsides
496 2247 563 2311 sibi
593 2246 732 2312 relictos
767 2264 960 2310 marcarum
989 2245 1141 2328 quinque
1169 2246 1282 2311 millia

329 2344 572 2411 commodaret.
623 2346 783 2411 Exeunte
804 2352 920 2411 autem
942 2345 1186 2428 redemptionis
1208 2352 1281 2411 ter·

328 2445 433 2523 mino,
457 2454 492 2511 et
507 2453 711 2529 exspectata
727 2446 870 2511 ulterius
887 2464 958 2509 una
973 2446 1179 2528 septimana,
1198 2464 1280 2510 cum

328 2564 397 2610 non
413 2554 505 2611 esset
521 2547 580 2630 qui
602 2546 645 2610 de
668 2543 874 2610 redimendis
896 2554 1044 2623 curaret,
1066 2544 1110 2610 de
1132 2563 1279 2611 assensu

326 2647 478 2710 omnium
499 2646 535 2710 in
558 2645 709 2710 crastino
734 2639 1010 2727 ³Assumptionis
1028 2643 1184 2727 Virginis
1204 2645 1280 2727 glo-

326 2745 427 2809 riosae
442 2745 580 2810 obsides
594 2764 725 2822 omnes,
748 2745 931 2810 reservatis
954 2752 1088 2809 tantum
1105 2744 1281 2829 aliquibus

326 2844 526 2929 majoribus,
544 2846 574 2909 si
594 2844 683 2910 forte
697 2845 753 2910 vel
776 2845 844 2928 ipsi
864 2844 1122 2921 redimerentur,
1136 2845 1193 2910 vel
1212 2866 1278 2930 pro

326 2944 376 3007 eis
393 2943 500 3028 aliqui
519 2943 707 3009 Christiani
728 2945 859 3028 captivi
873 2945 1112 3023 liberarentur,
1129 2963 1151 3009 a
1173 2945 1278 3011 satel-

327 3042 447 3108 litibus
472 3044 696 3110 decollantur.
749 3044 884 3108 Exinde
910 3046 1128 3127 progreditur
1157 3043 1279 3111 Chris·

325 3143 442 3208 tianus
459 3145 644 3222 exercitus,
661 3146 748 3210 duce
764 3164 846 3228 rege
862 3143 1026 3223 Ricardo,
1037 3163 1158 3211 versus
1169 3142 1279 3211 Aac&

325 3241 453 3308 ioniam
467 3245 673 3310 maritimam
691 3245 879 3309 civitatem.

163 3360 315 3451 Gmtqetorr
377 3343 542 3410 Pervenit
558 3352 674 3409 autem
690 3344 863 3409 exercitus
883 3344 1051 3409 ordinatis
1068 3344 1170 3410 dietis
1193 3365 1275 3429 pro·

163 3411 271 3503 aiiii.
325 3443 497 3524 grediens,
514 3451 594 3528 post
609 3444 737 3508 multas
757 3464 779 3508 a
800 3443 925 3508 Turcis
946 3443 1063 3509 illatas
1085 3444 1276 3525 molestias,

325 3543 369 3608 ad
384 3543 527 3608 fluvium
542 3563 602 3628 qur
593 3544 723 3625 'vulgo
739 3544 864 3609 dicitur
879 3539 1125 3609 ⁴Rochetaille.
1164 3545 1275 3612 Exer-

322 3643 412 3708 citus
435 3651 550 3709 autem
573 3644 765 3709 Tuscorum
788 3664 833 3708 ex
853 3643 947 3708 omni
966 3645 1171 3727 paganismo
1192 3665 1276 3711 oon·

322 3751 500 3826 gregatos,
530 3745 588 3828 qui
624 3744 862 3809 aestimabatur
895 3744 939 3809 ad
978 3752 1132 3809 trecenta
1164 3746 1274 3811 millia

357 3984 364 4016 ¹
381 3990 485 4049 August
495 3989 542 4035 lst.
808 3986 862 4035 lirst
877 3985 966 4034 within
984 3986 1027 4036 the
1042 3991 1139 4047 octare,
1154 3986 1198 4036 the
1212 3987 1271 4039 date

353 4054 365 4087 ¹
380 4059 440 4106 ‘rex
450 4052 466 4118 ;'
482 4057 596 4117 wanting
606 4055 632 4102 in
644 4049 712 4106 ΠΛ.
808 4056 901 4105 ishere
913 4056 1068 4106 determined
1078 4061 1104 4106 to
1120 4056 1163 4109 lhe
1175 4057 1234 4109 lou
1244 4059 1274 4109 ol

353 4121 601 4189 ’‘Assumptionis’
621 4125 643 4174 is
659 4124 722 4175 from
743 4126 781 4177 Μ.
808 4128 921 4188 August.

317 4196 371 4246 'l'he
386 4198 535 4248 morrowoi
547 4195 781 4260 sleastbeingthe
843 4191 1240 4258 “moneasyuq’molr.
