2896 4860
568 400 751 452 aurnuns.
1069 385 1135 451 137

178 562 308 627 dictum
325 561 581 640 cancellarium,
595 562 750 645 aliosque
767 581 828 644 per
845 580 961 643 regem
975 562 1019 625 ad
1037 563 1134 644 regni
1146 573 1250 664 tpgngp

180 662 373 727 custodiam
399 662 597 745 deputatos,
611 663 686 747 Jam
708 662 814 726 fnisse
839 682 860 726 a
887 662 1134 727 munitionibus
1146 634 1280 775 {afflig}

179 769 281 826 terrea
305 765 530 842 exturbatos3
568 770 603 827 et
627 762 732 845 quod,
761 770 968 845 procurante
996 762 1135 828 Joanne

180 861 286 927 tratre
312 863 417 945 regis,
445 862 588 946 fugatus
618 871 692 926 erat
718 861 808 926 idem
834 862 1060 926 cancellarius
1083 857 1134 927 ¹in

183 961 447 1028 Normanniam.
499 961 587 1027 Post
614 962 714 1046 cujus
748 961 936 1027 discessum
968 963 1135 1046 praefatus

180 1062 336 1128 Joannes
364 1083 387 1127 a
416 1063 513 1145 regni
544 1063 726 1128 comitibus
751 1071 787 1126 et
813 1063 1010 1145 proceribus
1036 1064 1134 1147 jura-

182 1170 299 1229 menta
321 1170 356 1228 et
379 1161 576 1240 fidelitates,
602 1181 644 1226 ac
672 1161 903 1245 subjectiones
926 1171 1135 1228 castrorum·

182 1283 250 1346 qne
272 1262 459 1341 custodias,
482 1262 703 1346 pertinaciter
725 1262 907 1344 exigebat3
941 1283 1074 1328 necnon
1100 1273 1136 1329 et

181 1381 304 1427 manus
321 1363 525 1428 extenderat
541 1363 584 1428 ad
607 1364 694 1445 regii
717 1363 790 1426 fisci
810 1365 1050 1445 praestationes
1074 1383 1135 1428 au-

184 1481 272 1529 nuas
308 1463 537 1547 usurpandas,
571 1482 649 1547 quae
680 1462 842 1527 dicuntur
878 1464 920 1527 de
951 1465 1135 1531 scaccario.

185 1562 450 1629 Confoederatns
482 1565 571 1628 enim
605 1571 681 1627 erat
713 1563 786 1645 regi
821 1563 1045 1642 Francorum,
1076 1565 1136 1647 qui

184 1681 344 1746 magnam
372 1665 553 1746 pecuniam
583 1662 615 1727 ei
640 1670 761 1728 mutuo
789 1663 944 1742 tradidit,
970 1672 1009 1728 ut
1037 1663 1136 1729 fratri

183 1781 246 1828 suo
261 1763 336 1846 regi
354 1763 506 1828 Ricardo
521 1763 723 1846 gravamina
739 1763 934 1828 suscitaret.
987 1763 1136 1829 Contur-

183 1862 286 1927 batus
303 1883 366 1928 rex
385 1863 557 1929 Ricardus
579 1862 775 1947 hujusmodi
798 1863 929 1938 nuntio,
947 1865 1135 1945 repatriare

183 1961 373 2046 disposuit3
397 1964 526 2028 relictis
551 1963 598 2027 ibi
622 1963 785 2027 trecentis
808 1963 974 2026 militibus
996 1971 1032 2028 et
1048 1964 1134 2029 duo-

184 2063 248 2126 bus
276 2063 427 2127 millibus
452 2064 617 2145 peditum,
637 2082 723 2144 quos
743 2063 815 2126 suis
837 2062 1017 2145 stipendiis
1039 2064 1136 2128 exbi-

184 2162 291 2228 beret.
345 2162 606 2227 communicato
637 2181 742 2245 super
775 2163 839 2226 hoc
871 2163 1026 2242 consilio,
1057 2184 1133 2228 curn

184 2261 422 2344 prudentiores
444 2263 612 2327 sentirent
634 2270 716 2326 ante
734 2264 810 2347 ejus
829 2283 1001 2328 recessum
1022 2265 1057 2327 in
1074 2265 1134 2328 illa

185 2367 276 2425 terra
301 2381 418 2444 regem
439 2361 672 2440 statuendum,
698 2362 824 2426 obtulit
845 2382 907 2426 rex
936 2382 973 2427 se
998 2362 1048 2427 illi
1075 2365 1133 2427 da-

185 2468 299 2525 turum
326 2480 470 2544 regnum
496 2482 598 2545 quem
625 2461 667 2526 de
690 2461 823 2526 duobus
841 2463 1018 2544 eligerent,
1039 2462 1132 2526 Mar-

181 2559 277 2625 chiso
293 2561 425 2628 scilicet
443 2563 496 2627 vel
519 2561 685 2639 Gnidoni,
709 2563 768 2644 qui
783 2581 901 2626 omnes
919 2561 1131 2626 Marcbisum

179 2660 378 2744 elegerunt;
409 2656 574 2744 ¹quorum
603 2662 813 2744 redarguens
846 2681 908 2725 rex
942 2661 1131 2740 levitatem,

181 2761 272 2843 qnod
310 2762 404 2844 prius
436 2761 613 2826 Marchiso
646 2761 881 2839 detraxerant,
915 2762 1033 2825 statim
1070 2783 1133 2845 per

180 2861 316 2944 legatos
341 2861 553 2926 Marchisnm
578 2862 726 2925 vocavit.
781 2859 851 2940 Qui
873 2869 1057 2944 antequam
1072 2882 1130 2926 ve·

180 2961 270 3026 niret
297 2961 341 3025 ad
370 2981 498 3044 regem,
527 2980 605 3024 cum
631 2960 871 3025 commedisset
898 2962 953 3025 die
983 2962 1131 3042 quadarn

182 3079 259 3125 curn
294 3062 457 3145 episcopo
491 3060 707 3137 Belvacensi,
746 3079 768 3124 a
800 3061 933 3125 duobus
967 3063 1132 3126 assasinis

182 3154 333 3226 'rediens
359 3169 414 3225 est
437 3162 581 3226 occisus.
628 3159 716 3224 Post
739 3159 839 3244 cujus
864 3169 1008 3225 mortem
1036 3170 1131 3244 pete-

180 3261 265 3325 bant
281 3261 420 3338 Franci,
438 3262 497 3344 qui
519 3260 670 3327 nondum
693 3260 933 3338 discesserant,
958 3263 1001 3325 ab
1022 3281 1132 3327 uxore

183 3359 352 3426 Marchisi
367 3361 543 3427 civitatem
563 3361 661 3444 Tyri,
685 3360 954 3425 conservandam
980 3363 1024 3426 ad
1045 3382 1132 3445 opus

182 3460 275 3545 regis
293 3461 463 3540 Franciae,
487 3461 553 3525 sibi
576 3460 693 3540 reddi;
718 3480 796 3543 quoe
814 3460 1000 3544 respondet
1014 3463 1076 3540 eis,
1095 3483 1133 3527 se

216 3701 226 3735 ¹
241 3703 292 3753 ‘de
298 3702 618 3766 AngliainNormanniam
627 3702 646 3763 ς’
671 3701 754 3752 iactus
771 3708 810 3752 est
826 3703 935 3765 lemina3
958 3706 1135 3770 cancellarius,

183 3774 222 3824 Μ.
259 3774 309 3823 For
319 3789 335 3823 a
345 3773 394 3823 tull
405 3778 512 3822 account
522 3773 551 3821 oi
562 3773 645 3834 Long-
671 3773 822 3822 cancellaria
833 3787 840 3833 ;
856 3774 983 3834 sacerdos,
1000 3777 1117 3825 meretrix
1123 3792 1133 3839 ς

182 3840 295 3907 cbamp's
317 3844 372 3905 sall,
387 3843 451 3892 with
474 3857 507 3892 an
528 3844 645 3905 amusing
670 3843 815 3905 episcopus,
829 3858 917 3892 scurra
924 3843 942 3904 ;'
958 3846 1028 3906 apud
1039 3846 1133 3896 Baron.

182 3913 261 3964 detail
283 3914 312 3963 oi
330 3914 371 3962 bis
393 3927 485 3974 escape
506 3914 532 3961 in
555 3913 645 3962 semele
671 3914 725 3962 xix.
737 3917 794 3962 637.

182 3986 266 4047 titire,
283 3984 384 4033 consult
402 3985 487 4045 Roget
507 3984 536 4032 ol
552 3983 645 4033 Wend·
705 3979 716 4012 ²
734 3984 808 4032 From
828 3984 988 4046 ‘elegerunt'
1006 3992 1031 4032 to
1046 3989 1133 4034 ‘ante-

182 4070 253 4116 over,
263 4055 300 4104 iii.
312 4059 484 4116 p.50etseq.:
502 4054 556 4102 also
565 4054 644 4115 Hugh
671 4051 760 4114 quam*
776 4057 801 4103 in
815 4055 857 4104 tire
872 4055 1001 4115 following
1018 4060 1133 4104 sentence

183 4125 274 4186 bisbop
288 4124 318 4174 os
331 4121 479 4186 Coventry's
496 4123 645 4185 reproaches
671 4139 713 4172 are
725 4125 827 4173 omitted
840 4126 865 4172 in
879 4126 916 4174 M.
928 4124 977 4172 and
990 4124 1037 4173 Ar.

183 4197 284 4258 against
305 4194 374 4256 irim,
396 4194 483 4244 ‘Proh
503 4195 588 4244 dolor!
608 4196 646 4244 vir
706 4192 717 4224 ³
733 4194 848 4242 ‘rediens
860 4209 874 4242 e
885 4195 999 4243 convivio
1008 4189 1022 4253 ς’
1035 4195 1073 4242 M.
