2896 4860
516 430 697 479 ANNALES.
1034 413 1078 478 83

126 588 193 652 bus
223 596 259 653 et
284 589 423 655 omnino
452 589 648 654 damnanda
678 591 890 655 consuetudo
918 589 1076 665 invaluit,

127 707 218 771 quae,
243 690 308 754 nisi
334 710 396 773 per
415 698 564 755 vestram
589 691 793 754 industriam
814 691 917 754 fuerit
939 691 1077 754 sublata

128 788 172 854 de
193 789 318 867 medio,
336 791 372 854 in
394 810 533 856 enorme
557 792 663 855 totius
682 791 764 854 cleri
788 790 1002 873 dispendium
1023 809 1078 853 ve-

128 888 304 954 hementer
333 900 521 956 excrescet.
573 891 610 954 Si
643 891 788 955 Judaeus
820 898 881 954 aut
912 891 1077 954 laicorum

127 991 315 1055 vilissimus
344 992 524 1069 occiditur,
544 991 661 1055 statim
680 991 850 1074 supplicio
875 991 994 1055 mortis
1020 1009 1078 1053 oc-

128 1090 221 1154 cisor
241 1083 440 1155 ¹addicitur.
492 1092 530 1155 Si
556 1091 634 1173 quis
660 1111 742 1156 vero
766 1091 978 1155 sacerdotem
1004 1090 1078 1153 sive

127 1189 290 1254 clericum
319 1192 460 1256 minoris
495 1199 556 1256 aut
587 1191 729 1275 majoris
761 1199 873 1256 status
904 1190 1078 1266 occiderit,

129 1289 208 1354 sola
236 1291 591 1356 excommunicatione
614 1298 789 1367 contenta,
814 1297 875 1354 ant
901 1298 941 1354 ut
963 1289 1079 1354 verius

128 1389 255 1473 loquar
286 1399 495 1475 contempta,
529 1385 726 1475 ²[ecclesia]
760 1391 948 1455 materialis
979 1410 1079 1473 opem

129 1489 238 1573 gladii
266 1509 335 1555 non
363 1485 557 1575 ³requiretl
609 1492 713 1555 Scitis
739 1491 909 1575 equidem,
937 1490 1028 1573 quod
1059 1509 1081 1553 a

130 1589 284 1654 Domino
308 1591 435 1657 dictum
460 1599 514 1656 est
536 1591 665 1674 Moysi,
692 1591 897 1655 ‘Maleficos
925 1611 993 1655 non
1019 1609 1080 1673 pa-

131 1691 228 1755 tieris
242 1691 358 1755 vivere
372 1686 412 1756 τ’*
437 1700 472 1757 et
488 1690 661 1774 Apostolo
679 1698 791 1769 teste3
818 1691 986 1774 Princeps
1004 1692 1081 1772 gla-

129 1789 227 1854 dium
245 1791 349 1856 habet
365 1791 431 1857 ‘ad
445 1792 633 1857 vindictam
657 1791 927 1868 malefactorum,
944 1790 1080 1855 laudem

130 1910 214 1956 vero
244 1886 451 1956 bonorum.’⁵
503 1891 571 1956 Sed
605 1899 640 1956 et
668 1892 838 1956 Dominus
868 1891 963 1966 dicit,
983 1888 1079 1969 ‘Qui

131 2011 196 2056 vos
210 1992 336 2073 tangit,
351 2011 406 2056 mc
420 1993 534 2075 tangit
548 1984 587 2070 3⁹⁶
612 2000 648 2057 et
666 2012 727 2076 per
746 1991 962 2074 prophetam,
980 1997 989 2024 ‘
1005 1989 1087 2055 No-

130 2091 216 2169 lite,'
233 2091 358 2174 inquit,
376 2099 539 2175 ‘tangere
554 2091 701 2156 christos
717 2092 836 2156 meos!
852 2083 862 2122 ⁷
904 2091 975 2155 Ubi
997 2110 1080 2172 ergo

130 2198 250 2274 posset
271 2191 475 2256 maleficium
499 2192 682 2256 immanius
705 2200 741 2255 et
761 2191 1007 2256 exsecrabilius
1031 2193 1083 2254 in·

131 2292 254 2370 veniri,
275 2311 379 2375 quam
405 2292 557 2375 grassari
578 2292 614 2355 in
633 2291 781 2355 christos
804 2291 964 2370 Domini3
992 2292 1081 2355 etin

130 2391 297 2474 populum
309 2393 561 2475 acquisitionis,
574 2391 684 2456 libera
699 2392 915 2474 impunitatis
931 2390 1080 2468 licentia,

130 2491 285 2574 gladium
303 2495 489 2557 exerceret
535 2490 691 2575 Accepta
702 2493 786 2556 mibi
801 2498 893 2556 esset
909 2491 1083 2554 sententia

131 2592 498 2657 excommunicationis
515 2593 550 2656 in
568 2593 708 2671 talibus,
728 2593 758 2656 si
779 2591 934 2656 timorem
949 2591 1087 2654 incute·⁴

129 2699 203 2756 ret:
231 2692 291 2756 sed
320 2692 444 2776 culpis,
473 2694 533 2758 sed
561 2693 673 2776 culpis
699 2692 827 2757 nostris
851 2690 1082 2773 exigentibus,

130 2792 270 2875 gladius
286 2791 382 2858 Petri
399 2794 556 2876 rubigine
573 2793 743 2857 obductus
760 2798 826 2869 est,
847 2799 893 2869 et,
916 2790 1083 2873 quianon

129 2900 248 2976 potest
278 2893 440 2971 incidere,
469 2893 572 2958 datus
598 2901 651 2957 est
680 2892 716 2956 in
745 2898 990 2974 contemptum.
1028 2884 1082 2953 ⁸Si

129 3011 248 3076 capra,
282 2993 312 3057 si
337 2993 475 3057 ovicula
501 2993 593 3058 furto
624 2992 762 3057 sublata
791 2992 838 3056 sit
871 2991 925 3054 vel
956 2990 1081 3065 occisa,

129 3092 167 3156 in
182 3086 304 3178 ⁹hujus
317 3093 368 3157 rei
385 3101 549 3171 actorem,
570 3093 600 3157 si
619 3093 739 3169 lateat,
757 3090 929 3155 sententia
943 3109 1083 3153 excom·

129 3193 376 3258 municationis
395 3194 583 3272 emittitur3
611 3193 790 3256 convictus
813 3210 895 3255 vero
920 3197 981 3253 aut
1003 3208 1083 3253 con·

131 3293 244 3357 fessus
260 3286 461 3356 ¹⁰surcarum
476 3293 632 3376 patibulo
648 3291 845 3375 deputatur.
885 3289 997 3354 Porro
1014 3289 1084 3353 cle-

130 3392 194 3458 rici
223 3393 282 3458 vel
309 3393 463 3475 episcopi
496 3393 667 3457 occisores
702 3392 850 3455 Romam
886 3391 1083 3466 mittuntur,

130 3500 324 3576 euntesque
337 3493 373 3556 in
391 3492 534 3568 deliciis,
554 3511 631 3556 cum
652 3491 863 3574 plenitudine
883 3489 1084 3572 apostolicae

130 3593 267 3675 gratiae,
297 3599 333 3657 et
366 3592 496 3676 majore
526 3591 746 3674 delinquendi
779 3590 937 3665 audacia,
971 3609 1085 3653 rever-

130 3699 262 3758 tantur.
314 3691 453 3757 Talium
480 3692 667 3756 vindictam
693 3708 898 3755 excessuum
925 3689 1084 3752 dominus

166 3950 175 3984 ¹
193 3951 347 4002 ‘adducitur
358 3946 373 4013 ;’
384 3951 424 4002 M.
655 3945 738 3998 ‘Zaa
750 3949 778 3998 ii.
791 3954 816 3998 8.

164 4017 442 4140 propp,
654 4013 949 4137 :sarr-,n
962 4085 1001 4134 l

165 4162 177 4193 ⁴
193 4107 305 4212 1331ss
289 4129 354 4212 xxii
368 4126 425 4212 18..
654 4154 665 4186 ⁹
676 4105 838 4221 ‘hujuspmodi
846 4159 883 4206 rei
889 4121 1016 4206 auctorem
1023 4150 1036 4216 3'
1048 4155 1087 4202 M.

165 4230 178 4262 ⁸
194 4237 207 4282 l
220 4234 281 4284 Pet
292 4233 321 4282 ii.
334 4236 374 4283 14.
646 4224 665 4257 ¹⁰
674 4229 682 4256 ⁴
691 4228 786 4277 funum
796 4223 812 4287 3’
824 4226 894 4277 D’A.

912 4315 956 4360 οἳ

1090 619 1136 659 Tha
1144 618 1204 659 arrh-

1090 670 1164 719 blrlrop
1172 669 1197 708 ol

1089 717 1235 769 cmteromy'r

1089 770 1159 811 letter.
