2896 4860
531 403 714 452 spurcas.
1032 386 1099 452 365

147 574 289 622 assensu
305 579 405 643 reges
423 560 569 626 inissent
581 561 626 626 od
642 561 790 626 invicem
805 558 978 628 collocuti.
1025 562 1097 627 Ito-

146 675 214 738 qoe
243 679 323 741 rege
348 660 487 744 Angliae
511 662 548 725 in
580 662 745 726 Flandria
773 669 1019 739 commorante,
1044 662 1094 727 lo·

145 777 222 821 cum
241 760 317 843 ejus
337 761 371 824 in
386 759 515 843 Anglia
530 763 640 826 tenuit
657 761 749 825 filius
765 755 864 825 ¹suus
882 760 1093 844 Edwardus;

145 858 214 934 cui,
244 861 326 941 quia
357 862 498 926 minoris
538 863 651 926 artatis
690 869 778 938 erat,
816 868 915 943 pater
942 871 1094 927 rectores

145 959 430 1044 consiliariosque
469 962 697 1044 deputaverat
732 960 919 1025 Ricardum
955 961 1092 1027 Londo-

147 1057 297 1123 niensem
339 1061 550 1144 episcopum,
593 1070 628 1125 et
649 1134 654 1146 p
673 1061 886 1127 Willelmum
934 1062 1092 1127 comitem

145 1157 446 1238 Warewicensem,
480 1182 543 1226 nec
573 1181 643 1225 oon
677 1162 782 1226 etiam
822 1161 947 1225 milites
985 1162 1092 1244 Regi-

147 1258 285 1323 oaldum
326 1261 368 1326 de
406 1262 514 1347 Grey,
547 1260 719 1326 loannem
753 1260 900 1337 Giffard,
940 1259 1092 1326 Alanum

144 1350 341 1438 ²Plulrenet,
368 1363 461 1427 viros
496 1362 647 1428 emeritae
678 1361 823 1438 militiae,
855 1361 1018 1443 providos
1058 1371 1094 1427 et

146 1459 322 1524 discretos.

196 1560 355 1625 Exeunte
378 1580 459 1625 vero
482 1582 600 1627 mense
625 1560 788 1645 Augusto
810 1581 924 1627 comes
946 1561 1235 1627 waren-urendos

145 1658 225 1736 niae,
251 1662 607 1743 compromissionem
632 1661 759 1727 factam
786 1682 808 1727 a
831 1662 945 1726 Scotis
970 1662 1012 1727 de
1034 1663 1092 1726 oo
1104 1630 1245 1720 mnoss

143 1760 275 1824 sidibus
300 1761 431 1825 vidoret
450 1762 606 1827 decidere
627 1763 661 1825 in
686 1762 842 1839 nihilum,
863 1761 1091 1826 Willelmum·
1104 1730 1232 1832 3le

144 1880 211 1943 que
243 1861 376 1925 Waleis
415 1862 580 1945 populum
613 1871 894 1938 commoventem,
929 1870 964 1926 et
996 1882 1093 1944 mag·

145 1971 244 2024 nates
276 1963 341 2024 sub
367 1961 639 2027 dissimulatione
665 1963 734 2026 ista
761 1956 1022 2043 ’permittentes
1049 1963 1091 2028 de

145 2060 321 2125 Berewico
347 2062 566 2144 progreditur
596 2080 715 2126 versus
745 2061 907 2126 Strivelio
937 2062 1091 2128 exercitu

145 2161 317 2239 adunato;
353 2162 409 2225 ubi
441 2169 610 2226 venerunt
634 2160 679 2224 ad
701 2163 859 2225 comitem
892 2161 1091 2226 Warenniae

143 2260 354 2325 senescallus
378 2261 504 2324 Scotiae
534 2269 569 2326 et
594 2280 708 2325 comes
735 2261 777 2324 de
807 2254 1002 2337 *Lewenea
1034 2283 1088 2326 ro-

144 2370 266 2441 gantes
296 2370 335 2425 ut
360 2362 562 2442 quiesceret,
584 2361 665 2424 dum
686 2361 752 2444 ipsi
780 2361 944 2443 populum
969 2362 1090 2426 Scoto-

144 2479 219 2522 rum
236 2460 278 2524 ad
300 2480 418 2542 pacem
438 2461 528 2541 regis
549 2461 710 2525 reducere
725 2467 948 2525 attentarent.
1002 2461 1089 2526 Cum

143 2568 257 2625 autem
297 2580 365 2625 non
400 2560 615 2643 proficerent,
657 2559 829 2624 redierunt
858 2568 982 2642 quarto
1011 2562 1089 2626 idus

143 2660 366 2743 Septembris,
394 2680 432 2724 se
465 2680 542 2724 cum
577 2660 808 2744 quadraginta
836 2661 933 2742 equis
964 2661 1000 2723 in
1033 2681 1088 2725 co-

144 2761 235 2824 mitis
267 2760 477 2845 adjutorium
506 2760 677 2825 redituros
701 2760 737 2823 in
765 2760 916 2823 crastino
948 2762 1089 2842 promit-

143 2869 265 2926 tentes.
329 2860 409 2940 Quo
434 2861 489 2924 die
511 2861 607 2925 missi
633 2867 716 2925 suot
743 2860 854 2924 nuntii
883 2860 927 2923 ad
951 2859 1087 2925 Willel·

142 2982 234 3026 mum
267 2961 396 3025 Waleis
420 2969 455 3024 et
476 2960 599 3025 Scotos
619 2961 679 3045 qui
701 2980 778 3024 cum
804 2979 846 3024 co
864 2968 974 3036 erant,
997 2961 1086 3025 invi-

143 3069 257 3126 tantos
289 3081 348 3125 eos
380 3061 424 3124 ad
457 3081 575 3143 pacem
607 3062 710 3144 regis,
744 3069 780 3124 et
812 3080 875 3144 pro
905 3063 1086 3127 retroactis

141 3162 381 3244 impunitatem
406 3161 621 3242 spondentes.
668 3159 737 3239 Qui
762 3162 1022 3244 responderunt,
1041 3162 1232 3270 sefflffl'

140 3262 184 3327 ad
214 3281 376 3344 pugnam,
401 3280 469 3324 non
497 3260 541 3325 ad
572 3279 690 3342 pacem
723 3261 868 3325 venisse.
939 3261 1085 3327 Dissua·
1124 3242 1136 3270 ⁰
1205 3258 1210 3271 '

141 3362 243 3426 dente
267 3370 382 3425 autem
407 3360 558 3424 Ricardo
580 3359 623 3423 de
646 3360 758 3424 Lundi
781 3380 823 3424 ne
841 3359 981 3443 Anglici
1003 3382 1087 3445 pon-

141 3471 209 3526 tem
235 3462 432 3536 transirent,
458 3461 630 3543 quianon
654 3468 796 3542 possent
812 3460 914 3524 simul
936 3463 973 3524 in
999 3463 1086 3526 mul·

140 3562 287 3626 titudine
317 3562 435 3643 aliqua
465 3560 636 3643 progredi,
669 3560 729 3623 sed
762 3567 896 3623 tantum
929 3562 999 3625 bini
1030 3563 1086 3627 vel

139 3662 228 3726 terni
262 3661 305 3725 ad
339 3660 439 3743 plus3
474 3660 692 3725 nihilominus
719 3668 834 3723 tamen
860 3660 1085 3725 suadentibus

140 3762 230 3839 aliis,
262 3762 368 3843 elegit
396 3770 524 3837 costos,
559 3768 596 3824 ut
627 3778 689 3842 per
719 3767 858 3855 pontem
888 3761 1085 3827 transirent.

173 3999 181 4029 ¹
198 3991 299 4059 ‘ejuo3’
311 3995 351 4044 M.
363 3999 388 4044 et
399 3994 447 4044 Ar.
659 3990 671 4025 ⁸
686 3988 992 4058 ‘promittente03’D'A.:
1005 3996 1014 4023 ‘
1022 4010 1088 4057 pra·

172 4066 183 4099 ²
199 4066 360 4116 ‘Plulreueth
374 4059 393 4127 ;'
434 4066 494 4114 (lod.
520 4065 599 4128 Rege
623 4066 749 4115 mittentes
757 4060 772 4126 ς’
784 4064 832 4114 Ar.
841 4068 899 4115 220.

138 4134 222 4191 Hall's
233 4137 400 4187 emendation.
431 4135 600 4197 ‘Plokeneu‘

138 4213 187 4273 Μ.,
199 4209 256 4271 Aa,
266 4213 291 4257 et
301 4207 348 4258 Ar.
360 4210 417 4256 220.
661 4204 670 4232 ⁴
686 4199 843 4265 ‘lenonem‘
852 4203 909 4256 Aa:
918 4206 965 4257 ie.
974 4204 1087 4256 Leunox.
