<?xml version="1.0" encoding="UTF-8"?>
<!DOCTYPE html PUBLIC "-//W3C//DTD XHTML 1.0 Transitional//EN"
    "http://www.w3.org/TR/xhtml1/DTD/xhtml1-transitional.dtd">
<html xmlns="http://www.w3.org/1999/xhtml" xml:lang="en" lang="en">
 <head>
  <title>
</title>
<meta http-equiv="Content-Type" content="text/html;charset=utf-8" />
  <meta name='ocr-system' content='tesseract 3.04.00' />
  <meta name='ocr-capabilities' content='ocr_page ocr_carea ocr_par ocr_line ocrx_word'/>
</head>
<body>
  <div class='ocr_page' id='page_1' title='image "./fnicholaitrivet01trivgoog_0258.png"; bbox 0 0 2896 4860; ppageno 0'>
   <div class='ocr_carea' id='block_1_1' title="bbox 486 382 1052 447">
    <p class='ocr_par' dir='ltr' id='par_1_1' title="bbox 486 382 1052 447">
     <span class='ocr_line' id='line_1_1' title="bbox 486 382 1052 447; baseline 0.002 -2"><span class='ocrx_word' id='word_1_1' title='bbox 486 398 669 447; x_wconf 72' lang='lat' dir='ltr'><strong>aurnuns.</strong></span> <span class='ocrx_word' id='word_1_2' title='bbox 986 382 1052 446; x_wconf 81' lang='lat'><strong>227</strong></span> 
     </span>
    </p>
   </div>
   <div class='ocr_carea' id='block_1_2' title="bbox 96 549 1049 1035">
    <p class='ocr_par' dir='ltr' id='par_1_2' title="bbox 96 549 1049 1035">
     <span class='ocr_line' id='line_1_2' title="bbox 97 549 1049 636; baseline 0.003 -17"><span class='ocrx_word' id='word_1_3' title='bbox 97 562 182 619; x_wconf 87' lang='lat' dir='ltr'><strong>tunc</strong></span> <span class='ocrx_word' id='word_1_4' title='bbox 193 573 238 618; x_wconf 82' lang='lat' dir='ltr'><strong>ex</strong></span> <span class='ocrx_word' id='word_1_5' title='bbox 253 571 381 636; x_wconf 77' lang='lat' dir='ltr'><strong>magna</strong></span> <span class='ocrx_word' id='word_1_6' title='bbox 396 562 496 636; x_wconf 88' lang='lat' dir='ltr'><strong>parte</strong></span> <span class='ocrx_word' id='word_1_7' title='bbox 510 556 754 636; x_wconf 82' lang='lat' dir='ltr'><strong>patrimonium</strong></span> <span class='ocrx_word' id='word_1_8' title='bbox 767 549 936 622; x_wconf 86' lang='lat' dir='ltr'><strong>¹ecclesiae</strong></span> <span class='ocrx_word' id='word_1_9' title='bbox 950 577 1049 622; x_wconf 93' lang='lat' dir='ltr'><strong>occu-</strong></span> 
     </span>
     <span class='ocr_line' id='line_1_3' title="bbox 97 654 1048 736; baseline 0.003 -17"><span class='ocrx_word' id='word_1_10' title='bbox 97 661 257 736; x_wconf 82' lang='lat' dir='ltr'><strong>paverat,</strong></span> <span class='ocrx_word' id='word_1_11' title='bbox 283 654 507 719; x_wconf 86' lang='lat' dir='ltr'><strong>obsederetur</strong></span> <span class='ocrx_word' id='word_1_12' title='bbox 534 656 570 718; x_wconf 92' lang='lat' dir='ltr'><strong>in</strong></span> <span class='ocrx_word' id='word_1_13' title='bbox 597 657 693 731; x_wconf 87' lang='lat' dir='ltr'><strong>urbe,</strong></span> <span class='ocrx_word' id='word_1_14' title='bbox 717 657 839 721; x_wconf 89' lang='lat' dir='ltr'><strong>videns</strong></span> <span class='ocrx_word' id='word_1_15' title='bbox 871 655 1048 722; x_wconf 85' lang='lat' dir='ltr'><strong>Romanos</strong></span> 
     </span>
     <span class='ocr_line' id='line_1_4' title="bbox 97 751 1048 839; baseline 0.003 -20"><span class='ocrx_word' id='word_1_16' title='bbox 97 772 198 837; x_wconf 71' lang='lat' dir='ltr'><strong>paene</strong></span> <span class='ocrx_word' id='word_1_17' title='bbox 217 774 335 819; x_wconf 89' lang='lat' dir='ltr'><strong>omnes</strong></span> <span class='ocrx_word' id='word_1_18' title='bbox 360 774 422 838; x_wconf 87' lang='lat' dir='ltr'><strong>per</strong></span> <span class='ocrx_word' id='word_1_19' title='bbox 448 756 629 838; x_wconf 88' lang='lat' dir='ltr'><strong>pecuniam</strong></span> <span class='ocrx_word' id='word_1_20' title='bbox 652 776 728 820; x_wconf 89' lang='lat' dir='ltr'><strong>esse</strong></span> <span class='ocrx_word' id='word_1_21' title='bbox 753 766 945 839; x_wconf 91' lang='lat' dir='ltr'><strong>corruptos,</strong></span> <span class='ocrx_word' id='word_1_22' title='bbox 969 751 1048 822; x_wconf 84' lang='lat' dir='ltr'><strong>²ex-</strong></span> 
     </span>
     <span class='ocr_line' id='line_1_5' title="bbox 96 853 1049 941; baseline 0.006 -24"><span class='ocrx_word' id='word_1_23' title='bbox 96 853 217 919; x_wconf 86' lang='lat' dir='ltr'><strong>bibens</strong></span> <span class='ocrx_word' id='word_1_24' title='bbox 250 855 368 938; x_wconf 87' lang='lat' dir='ltr'><strong>capita</strong></span> <span class='ocrx_word' id='word_1_25' title='bbox 397 854 645 937; x_wconf 89' lang='lat' dir='ltr'><strong>apostolorum,</strong></span> <span class='ocrx_word' id='word_1_26' title='bbox 679 859 999 941; x_wconf 81' lang='lat' dir='ltr'><strong>processionemque</strong></span> <span class='ocrx_word' id='word_1_27' title='bbox 1027 878 1049 923; x_wconf 92' lang='lat' dir='ltr'><strong>a</strong></span> 
     </span>
     <span class='ocr_line' id='line_1_6' title="bbox 99 952 1048 1035; baseline 0.003 -16"><span class='ocrx_word' id='word_1_28' title='bbox 99 952 276 1019; x_wconf 74' lang='lat' dir='ltr'><strong>laterano</strong></span> <span class='ocrx_word' id='word_1_29' title='bbox 309 956 353 1020; x_wconf 91' lang='lat' dir='ltr'><strong>ad</strong></span> <span class='ocrx_word' id='word_1_30' title='bbox 381 964 539 1020; x_wconf 89' lang='lat' dir='ltr'><strong>sanctum</strong></span> <span class='ocrx_word' id='word_1_31' title='bbox 573 956 715 1020; x_wconf 91' lang='lat' dir='ltr'><strong>Petrum</strong></span> <span class='ocrx_word' id='word_1_32' title='bbox 744 957 885 1035; x_wconf 80' lang='lat' dir='ltr'><strong>faciens,</strong></span> <span class='ocrx_word' id='word_1_33' title='bbox 915 958 1048 1022; x_wconf 89' lang='lat' dir='ltr'><strong>animos</strong></span> 
     </span>
    </p>
   </div>
   <div class='ocr_carea' id='block_1_3' title="bbox 74 1053 1214 3852">
    <p class='ocr_par' dir='ltr' id='par_1_3' title="bbox 97 1053 1214 3642">
     <span class='ocr_line' id='line_1_7' title="bbox 99 1053 1048 1141; baseline 0.002 -21"><span class='ocrx_word' id='word_1_34' title='bbox 99 1053 335 1120; x_wconf 84' lang='lat' dir='ltr'><strong>Romanorum</strong></span> <span class='ocrx_word' id='word_1_35' title='bbox 353 1056 404 1120; x_wconf 90' lang='lat' dir='ltr'><strong>sic</strong></span> <span class='ocrx_word' id='word_1_36' title='bbox 419 1057 608 1133; x_wconf 87' lang='lat' dir='ltr'><strong>revocavit,</strong></span> <span class='ocrx_word' id='word_1_37' title='bbox 620 1065 791 1123; x_wconf 91' lang='lat' dir='ltr'><strong>utcontra</strong></span> <span class='ocrx_word' id='word_1_38' title='bbox 806 1059 1048 1141; x_wconf 88' lang='lat' dir='ltr'><strong>imperatorem</strong></span> 
     </span>
     <span class='ocr_line' id='line_1_8' title="bbox 98 1154 1048 1239; baseline 0.004 -20"><span class='ocrx_word' id='word_1_39' title='bbox 98 1154 171 1221; x_wconf 83' lang='lat' dir='ltr'><strong>fere</strong></span> <span class='ocrx_word' id='word_1_40' title='bbox 181 1175 302 1220; x_wconf 88' lang='lat' dir='ltr'><strong>omnes</strong></span> <span class='ocrx_word' id='word_1_41' title='bbox 314 1157 508 1239; x_wconf 89' lang='lat' dir='ltr'><strong>acciperent</strong></span> <span class='ocrx_word' id='word_1_42' title='bbox 520 1156 656 1238; x_wconf 85' lang='lat' dir='ltr'><strong>signum</strong></span> <span class='ocrx_word' id='word_1_43' title='bbox 668 1158 792 1222; x_wconf 88' lang='lat' dir='ltr'><strong>crucis.</strong></span> <span class='ocrx_word' id='word_1_44' title='bbox 839 1156 918 1236; x_wconf 90' lang='lat' dir='ltr'><strong>Quo</strong></span> <span class='ocrx_word' id='word_1_45' title='bbox 928 1158 1048 1223; x_wconf 89' lang='lat' dir='ltr'><strong>audito</strong></span> 
     </span>
     <span class='ocr_line' id='line_1_9' title="bbox 97 1255 1047 1340; baseline 0.004 -21"><span class='ocrx_word' id='word_1_46' title='bbox 97 1255 299 1339; x_wconf 87' lang='lat' dir='ltr'><strong>imperator,</strong></span> <span class='ocrx_word' id='word_1_47' title='bbox 308 1258 368 1339; x_wconf 90' lang='lat' dir='ltr'><strong>qui</strong></span> <span class='ocrx_word' id='word_1_48' title='bbox 379 1257 453 1340; x_wconf 74' lang='lat' dir='ltr'><strong>Jam</strong></span> <span class='ocrx_word' id='word_1_49' title='bbox 470 1276 509 1320; x_wconf 91' lang='lat' dir='ltr'><strong>se</strong></span> <span class='ocrx_word' id='word_1_50' title='bbox 523 1257 731 1321; x_wconf 91' lang='lat' dir='ltr'><strong>intraturum</strong></span> <span class='ocrx_word' id='word_1_51' title='bbox 743 1258 860 1322; x_wconf 86' lang='lat' dir='ltr'><strong>urbem</strong></span> <span class='ocrx_word' id='word_1_52' title='bbox 875 1259 1047 1337; x_wconf 87' lang='lat' dir='ltr'><strong>credebat,</strong></span> 
     </span>
     <span class='ocr_line' id='line_1_10' title="bbox 98 1356 1212 1465; baseline 0.004 -46"><span class='ocrx_word' id='word_1_53' title='bbox 98 1356 226 1420; x_wconf 89' lang='lat' dir='ltr'><strong>timens</strong></span> <span class='ocrx_word' id='word_1_54' title='bbox 250 1356 329 1434; x_wconf 85' lang='lat' dir='ltr'><strong>sibi,</strong></span> <span class='ocrx_word' id='word_1_55' title='bbox 356 1358 400 1421; x_wconf 91' lang='lat' dir='ltr'><strong>ab</strong></span> <span class='ocrx_word' id='word_1_56' title='bbox 425 1358 509 1421; x_wconf 88' lang='lat' dir='ltr'><strong>urbe</strong></span> <span class='ocrx_word' id='word_1_57' title='bbox 536 1356 674 1439; x_wconf 86' lang='lat' dir='ltr'><strong>longius</strong></span> <span class='ocrx_word' id='word_1_58' title='bbox 701 1360 908 1423; x_wconf 87' lang='lat' dir='ltr'><strong>retrocessit.</strong></span> <span class='ocrx_word' id='word_1_59' title='bbox 977 1361 1048 1423; x_wconf 89' lang='lat' dir='ltr'><strong>Hic</strong></span> <span class='ocrx_word' id='word_1_60' title='bbox 1061 1375 1212 1465; x_wconf 64' lang='lat' dir='ltr'><strong>⁸f·,‚¹³⁸{¹,¹‘⁰¹‘⁶</strong></span> 
     </span>
     <span class='ocr_line' id='line_1_11' title="bbox 99 1429 1196 1540; baseline 0.002 -20"><span class='ocrx_word' id='word_1_61' title='bbox 99 1456 206 1521; x_wconf 86' lang='lat' dir='ltr'><strong>etiam</strong></span> <span class='ocrx_word' id='word_1_62' title='bbox 228 1476 333 1540; x_wconf 89' lang='lat' dir='ltr'><strong>papa,</strong></span> <span class='ocrx_word' id='word_1_63' title='bbox 355 1476 417 1540; x_wconf 91' lang='lat' dir='ltr'><strong>per</strong></span> <span class='ocrx_word' id='word_1_64' title='bbox 435 1457 577 1522; x_wconf 81' lang='lat' dir='ltr'><strong>fratrem</strong></span> <span class='ocrx_word' id='word_1_65' title='bbox 603 1457 849 1540; x_wconf 89' lang='lat' dir='ltr'><strong>Raymundum</strong></span> <span class='ocrx_word' id='word_1_66' title='bbox 869 1459 910 1522; x_wconf 86' lang='lat' dir='ltr'><strong>de</strong></span> <span class='ocrx_word' id='word_1_67' title='bbox 931 1438 1073 1524; x_wconf 87' lang='lat' dir='ltr'><strong>ordine⁰</strong></span> <span class='ocrx_word' id='word_1_68' title='bbox 1107 1436 1133 1464; x_wconf 71' lang='lat'><strong>⁰⁰</strong></span> <span class='ocrx_word' id='word_1_69' title='bbox 1157 1429 1196 1464; x_wconf 60' lang='lat' dir='ltr'><strong>‘m&#39;</strong></span> 
     </span>
     <span class='ocr_line' id='line_1_12' title="bbox 100 1554 1049 1642; baseline 0.004 -23"><span class='ocrx_word' id='word_1_70' title='bbox 100 1554 386 1634; x_wconf 86' lang='lat' dir='ltr'><strong>Praedicatorum,</strong></span> <span class='ocrx_word' id='word_1_71' title='bbox 416 1558 632 1640; x_wconf 81' lang='lat' dir='ltr'><strong>capellanum</strong></span> <span class='ocrx_word' id='word_1_72' title='bbox 668 1577 781 1637; x_wconf 86' lang='lat' dir='ltr'><strong>suum,</strong></span> <span class='ocrx_word' id='word_1_73' title='bbox 814 1579 860 1623; x_wconf 84' lang='lat' dir='ltr'><strong>ex</strong></span> <span class='ocrx_word' id='word_1_74' title='bbox 892 1559 1049 1642; x_wconf 90' lang='lat' dir='ltr'><strong>plurimis</strong></span> 
     </span>
     <span class='ocr_line' id='line_1_13' title="bbox 99 1657 1049 1741; baseline 0.004 -22"><span class='ocrx_word' id='word_1_75' title='bbox 99 1657 334 1722; x_wconf 82' lang='lat' dir='ltr'><strong>voluminibus</strong></span> <span class='ocrx_word' id='word_1_76' title='bbox 379 1658 601 1722; x_wconf 82' lang='lat' dir='ltr'><strong>decretalium</strong></span> <span class='ocrx_word' id='word_1_77' title='bbox 644 1660 844 1741; x_wconf 89' lang='lat' dir='ltr'><strong>compilavit</strong></span> <span class='ocrx_word' id='word_1_78' title='bbox 888 1661 1049 1723; x_wconf 86' lang='lat' dir='ltr'><strong>volumen</strong></span> 
     </span>
     <span class='ocr_line' id='line_1_14' title="bbox 99 1757 1050 1841; baseline 0.001 -19"><span class='ocrx_word' id='word_1_79' title='bbox 99 1777 229 1833; x_wconf 87' lang='lat' dir='ltr'><strong>unum;</strong></span> <span class='ocrx_word' id='word_1_80' title='bbox 247 1758 415 1822; x_wconf 89' lang='lat' dir='ltr'><strong>mandans</strong></span> <span class='ocrx_word' id='word_1_81' title='bbox 430 1759 557 1841; x_wconf 86' lang='lat' dir='ltr'><strong>ubique</strong></span> <span class='ocrx_word' id='word_1_82' title='bbox 570 1757 768 1822; x_wconf 90' lang='lat' dir='ltr'><strong>doctoribus</strong></span> <span class='ocrx_word' id='word_1_83' title='bbox 783 1760 843 1823; x_wconf 92' lang='lat' dir='ltr'><strong>illo</strong></span> <span class='ocrx_word' id='word_1_84' title='bbox 858 1761 920 1824; x_wconf 91' lang='lat' dir='ltr'><strong>uti.</strong></span> <span class='ocrx_word' id='word_1_85' title='bbox 967 1760 1050 1824; x_wconf 87' lang='lat' dir='ltr'><strong>Fuit</strong></span> 
     </span>
     <span class='ocr_line' id='line_1_15' title="bbox 100 1857 1049 1942; baseline 0.002 -21"><span class='ocrx_word' id='word_1_86' title='bbox 100 1857 157 1925; x_wconf 91' lang='lat' dir='ltr'><strong>bic</strong></span> <span class='ocrx_word' id='word_1_87' title='bbox 173 1858 403 1941; x_wconf 85' lang='lat' dir='ltr'><strong>Raymundus</strong></span> <span class='ocrx_word' id='word_1_88' title='bbox 423 1858 613 1924; x_wconf 88' lang='lat' dir='ltr'><strong>Catalanus</strong></span> <span class='ocrx_word' id='word_1_89' title='bbox 640 1858 791 1936; x_wconf 89' lang='lat' dir='ltr'><strong>natione,</strong></span> <span class='ocrx_word' id='word_1_90' title='bbox 808 1860 881 1942; x_wconf 92' lang='lat' dir='ltr'><strong>qui,</strong></span> <span class='ocrx_word' id='word_1_91' title='bbox 898 1869 979 1923; x_wconf 88' lang='lat' dir='ltr'><strong>aute</strong></span> <span class='ocrx_word' id='word_1_92' title='bbox 997 1862 1049 1923; x_wconf 88' lang='lat' dir='ltr'><strong>in·</strong></span> 
     </span>
     <span class='ocr_line' id='line_1_16' title="bbox 100 1957 1048 2042; baseline 0.001 -20"><span class='ocrx_word' id='word_1_93' title='bbox 100 1978 258 2041; x_wconf 75' lang='lat' dir='ltr'><strong>gressum</strong></span> <span class='ocrx_word' id='word_1_94' title='bbox 277 1958 419 2035; x_wconf 86' lang='lat' dir='ltr'><strong>ordinis,</strong></span> <span class='ocrx_word' id='word_1_95' title='bbox 440 1957 569 2042; x_wconf 88' lang='lat' dir='ltr'><strong>injure</strong></span> <span class='ocrx_word' id='word_1_96' title='bbox 591 1958 757 2023; x_wconf 90' lang='lat' dir='ltr'><strong>canonico</strong></span> <span class='ocrx_word' id='word_1_97' title='bbox 779 1959 946 2023; x_wconf 73' lang='lat' dir='ltr'><strong>Bononiae</strong></span> <span class='ocrx_word' id='word_1_98' title='bbox 969 1981 1048 2023; x_wconf 82' lang='lat' dir='ltr'><strong>rex-</strong></span> 
     </span>
     <span class='ocr_line' id='line_1_17' title="bbox 98 2057 1050 2142; baseline 0 -18"><span class='ocrx_word' id='word_1_99' title='bbox 98 2068 177 2124; x_wconf 84' lang='lat' dir='ltr'><strong>erat</strong></span> <span class='ocrx_word' id='word_1_100' title='bbox 191 2059 412 2123; x_wconf 82' lang='lat' dir='ltr'><strong>excellenter.</strong></span> <span class='ocrx_word' id='word_1_101' title='bbox 466 2057 553 2122; x_wconf 85' lang='lat' dir='ltr'><strong>Post</strong></span> <span class='ocrx_word' id='word_1_102' title='bbox 570 2058 698 2122; x_wconf 89' lang='lat' dir='ltr'><strong>ordinis</strong></span> <span class='ocrx_word' id='word_1_103' title='bbox 716 2079 798 2125; x_wconf 90' lang='lat' dir='ltr'><strong>vero</strong></span> <span class='ocrx_word' id='word_1_104' title='bbox 814 2061 1050 2142; x_wconf 83' lang='lat' dir='ltr'><strong>ingressum,a</strong></span> 
     </span>
     <span class='ocr_line' id='line_1_18' title="bbox 97 2157 1049 2243; baseline -0.002 -19"><span class='ocrx_word' id='word_1_105' title='bbox 97 2159 240 2225; x_wconf 91' lang='lat' dir='ltr'><strong>domino</strong></span> <span class='ocrx_word' id='word_1_106' title='bbox 271 2178 364 2243; x_wconf 90' lang='lat' dir='ltr'><strong>papa</strong></span> <span class='ocrx_word' id='word_1_107' title='bbox 387 2157 558 2239; x_wconf 85' lang='lat' dir='ltr'><strong>Gregorio</strong></span> <span class='ocrx_word' id='word_1_108' title='bbox 587 2158 803 2223; x_wconf 83' lang='lat' dir='ltr'><strong>familiariter</strong></span> <span class='ocrx_word' id='word_1_109' title='bbox 835 2160 1049 2239; x_wconf 90' lang='lat' dir='ltr'><strong>recollectus,</strong></span> 
     </span>
     <span class='ocr_line' id='line_1_19' title="bbox 99 2258 1050 2345; baseline -0.002 -20"><span class='ocrx_word' id='word_1_110' title='bbox 99 2260 302 2345; x_wconf 80' lang='lat' dir='ltr'><strong>capellanus</strong></span> <span class='ocrx_word' id='word_1_111' title='bbox 321 2258 396 2343; x_wconf 88' lang='lat' dir='ltr'><strong>ejus</strong></span> <span class='ocrx_word' id='word_1_112' title='bbox 419 2258 565 2324; x_wconf 86' lang='lat' dir='ltr'><strong>efficitur</strong></span> <span class='ocrx_word' id='word_1_113' title='bbox 586 2278 628 2323; x_wconf 92' lang='lat' dir='ltr'><strong>ac</strong></span> <span class='ocrx_word' id='word_1_114' title='bbox 651 2261 939 2342; x_wconf 87' lang='lat' dir='ltr'><strong>poenitentiarius,</strong></span> <span class='ocrx_word' id='word_1_115' title='bbox 963 2261 1050 2342; x_wconf 91' lang='lat' dir='ltr'><strong>peti·</strong></span> 
     </span>
     <span class='ocr_line' id='line_1_20' title="bbox 100 2359 1050 2443; baseline -0.002 -18"><span class='ocrx_word' id='word_1_116' title='bbox 100 2361 304 2443; x_wconf 88' lang='lat' dir='ltr'><strong>tionumque</strong></span> <span class='ocrx_word' id='word_1_117' title='bbox 337 2378 527 2443; x_wconf 88' lang='lat' dir='ltr'><strong>pauperum</strong></span> <span class='ocrx_word' id='word_1_118' title='bbox 562 2359 771 2442; x_wconf 83' lang='lat' dir='ltr'><strong>expeditor3</strong></span> <span class='ocrx_word' id='word_1_119' title='bbox 806 2360 865 2443; x_wconf 91' lang='lat' dir='ltr'><strong>qui</strong></span> <span class='ocrx_word' id='word_1_120' title='bbox 899 2360 1050 2437; x_wconf 89' lang='lat' dir='ltr'><strong>tandem,</strong></span> 
     </span>
     <span class='ocr_line' id='line_1_21' title="bbox 100 2459 1051 2527; baseline -0.005 0"><span class='ocrx_word' id='word_1_121' title='bbox 100 2481 180 2527; x_wconf 89' lang='lat' dir='ltr'><strong>cum</strong></span> <span class='ocrx_word' id='word_1_122' title='bbox 197 2459 399 2525; x_wconf 89' lang='lat' dir='ltr'><strong>difficultate</strong></span> <span class='ocrx_word' id='word_1_123' title='bbox 414 2462 556 2526; x_wconf 87' lang='lat' dir='ltr'><strong>obtenta</strong></span> <span class='ocrx_word' id='word_1_124' title='bbox 578 2460 717 2525; x_wconf 90' lang='lat' dir='ltr'><strong>licentia</strong></span> <span class='ocrx_word' id='word_1_125' title='bbox 733 2459 899 2524; x_wconf 90' lang='lat' dir='ltr'><strong>redeundi</strong></span> <span class='ocrx_word' id='word_1_126' title='bbox 922 2460 963 2524; x_wconf 92' lang='lat' dir='ltr'><strong>ad</strong></span> <span class='ocrx_word' id='word_1_127' title='bbox 984 2469 1051 2525; x_wconf 89' lang='lat' dir='ltr'><strong>ter·</strong></span> 
     </span>
     <span class='ocr_line' id='line_1_22' title="bbox 100 2559 1050 2642; baseline -0.003 -15"><span class='ocrx_word' id='word_1_128' title='bbox 100 2581 176 2627; x_wconf 85' lang='lat' dir='ltr'><strong>ram</strong></span> <span class='ocrx_word' id='word_1_129' title='bbox 204 2579 315 2639; x_wconf 86' lang='lat' dir='ltr'><strong>suam,</strong></span> <span class='ocrx_word' id='word_1_130' title='bbox 346 2560 496 2625; x_wconf 81' lang='lat' dir='ltr'><strong>refutato</strong></span> <span class='ocrx_word' id='word_1_131' title='bbox 524 2561 559 2624; x_wconf 93' lang='lat' dir='ltr'><strong>in</strong></span> <span class='ocrx_word' id='word_1_132' title='bbox 592 2560 711 2624; x_wconf 87' lang='lat' dir='ltr'><strong>eadem</strong></span> <span class='ocrx_word' id='word_1_133' title='bbox 742 2559 1050 2642; x_wconf 89' lang='lat' dir='ltr'><strong>archiepiscopatu,</strong></span> 
     </span>
     <span class='ocr_line' id='line_1_23' title="bbox 100 2660 1051 2747; baseline -0.002 -21"><span class='ocrx_word' id='word_1_134' title='bbox 100 2668 183 2747; x_wconf 88' lang='lat' dir='ltr'><strong>post</strong></span> <span class='ocrx_word' id='word_1_135' title='bbox 196 2661 336 2726; x_wconf 84' lang='lat' dir='ltr'><strong>fratrem</strong></span> <span class='ocrx_word' id='word_1_136' title='bbox 349 2660 373 2725; x_wconf 84' lang='lat' dir='ltr'>J</span> <span class='ocrx_word' id='word_1_137' title='bbox 376 2661 542 2724; x_wconf 89' lang='lat' dir='ltr'><strong>ordanum</strong></span> <span class='ocrx_word' id='word_1_138' title='bbox 561 2662 724 2742; x_wconf 86' lang='lat' dir='ltr'><strong>magister</strong></span> <span class='ocrx_word' id='word_1_139' title='bbox 736 2660 877 2724; x_wconf 84' lang='lat' dir='ltr'><strong>effectus</strong></span> <span class='ocrx_word' id='word_1_140' title='bbox 892 2670 944 2724; x_wconf 92' lang='lat' dir='ltr'><strong>cst</strong></span> <span class='ocrx_word' id='word_1_141' title='bbox 960 2661 1051 2724; x_wconf 92' lang='lat' dir='ltr'><strong>ordi-</strong></span> 
     </span>
     <span class='ocr_line' id='line_1_24' title="bbox 102 2760 1052 2843; baseline -0.006 -14"><span class='ocrx_word' id='word_1_142' title='bbox 102 2766 158 2829; x_wconf 87' lang='lat' dir='ltr'><strong>nis</strong></span> <span class='ocrx_word' id='word_1_143' title='bbox 176 2764 320 2827; x_wconf 80' lang='lat' dir='ltr'><strong>fratrum</strong></span> <span class='ocrx_word' id='word_1_144' title='bbox 342 2760 636 2831; x_wconf 81' lang='lat' dir='ltr'><strong>Praedicatorum;</strong></span> <span class='ocrx_word' id='word_1_145' title='bbox 666 2762 737 2843; x_wconf 91' lang='lat' dir='ltr'><strong>qui,</strong></span> <span class='ocrx_word' id='word_1_146' title='bbox 757 2768 795 2824; x_wconf 89' lang='lat' dir='ltr'><strong>ut</strong></span> <span class='ocrx_word' id='word_1_147' title='bbox 812 2761 906 2842; x_wconf 91' lang='lat' dir='ltr'><strong>rigor</strong></span> <span class='ocrx_word' id='word_1_148' title='bbox 923 2760 1052 2824; x_wconf 91' lang='lat' dir='ltr'><strong>ordinis</strong></span> 
     </span>
     <span class='ocr_line' id='line_1_25' title="bbox 102 2859 1052 2946; baseline -0.009 -15"><span class='ocrx_word' id='word_1_149' title='bbox 102 2866 208 2931; x_wconf 84' lang='lat' dir='ltr'><strong>etiarn</strong></span> <span class='ocrx_word' id='word_1_150' title='bbox 227 2864 262 2927; x_wconf 92' lang='lat' dir='ltr'><strong>in</strong></span> <span class='ocrx_word' id='word_1_151' title='bbox 280 2862 428 2925; x_wconf 84' lang='lat' dir='ltr'><strong>minimis</strong></span> <span class='ocrx_word' id='word_1_152' title='bbox 454 2869 651 2925; x_wconf 90' lang='lat' dir='ltr'><strong>servaretur</strong></span> <span class='ocrx_word' id='word_1_153' title='bbox 665 2859 863 2946; x_wconf 87' lang='lat' dir='ltr'><strong>(attendens</strong></span> <span class='ocrx_word' id='word_1_154' title='bbox 876 2860 969 2942; x_wconf 90' lang='lat' dir='ltr'><strong>quod</strong></span> <span class='ocrx_word' id='word_1_155' title='bbox 992 2861 1052 2942; x_wconf 92' lang='lat' dir='ltr'><strong>qui</strong></span> 
     </span>
     <span class='ocr_line' id='line_1_26' title="bbox 102 2959 1053 3045; baseline -0.009 -13"><span class='ocrx_word' id='word_1_156' title='bbox 102 2966 247 3031; x_wconf 86' lang='lat' dir='ltr'><strong>minima</strong></span> <span class='ocrx_word' id='word_1_157' title='bbox 264 2962 410 3045; x_wconf 80' lang='lat' dir='ltr'><strong>negligit</strong></span> <span class='ocrx_word' id='word_1_158' title='bbox 428 2961 594 3044; x_wconf 90' lang='lat' dir='ltr'><strong>paulatim</strong></span> <span class='ocrx_word' id='word_1_159' title='bbox 612 2959 756 3045; x_wconf 89' lang='lat' dir='ltr'><strong>decidit)</strong></span> <span class='ocrx_word' id='word_1_160' title='bbox 779 2960 941 3044; x_wconf 90' lang='lat' dir='ltr'><strong>apposuit</strong></span> <span class='ocrx_word' id='word_1_161' title='bbox 959 2978 1053 3042; x_wconf 87' lang='lat' dir='ltr'><strong>mag·</strong></span> 
     </span>
     <span class='ocr_line' id='line_1_27' title="bbox 102 3056 1214 3145; baseline -0.017 -13"><span class='ocrx_word' id='word_1_162' title='bbox 102 3086 184 3131; x_wconf 83' lang='lat' dir='ltr'><strong>nam</strong></span> <span class='ocrx_word' id='word_1_163' title='bbox 216 3082 343 3129; x_wconf 88' lang='lat' dir='ltr'><strong>curam.</strong></span> <span class='ocrx_word' id='word_1_164' title='bbox 427 3056 594 3145; x_wconf 73' lang='lat' dir='ltr'><strong>⁸Scripsit</strong></span> <span class='ocrx_word' id='word_1_165' title='bbox 624 3061 798 3124; x_wconf 85' lang='lat' dir='ltr'><strong>Summam</strong></span> <span class='ocrx_word' id='word_1_166' title='bbox 829 3059 872 3123; x_wconf 89' lang='lat' dir='ltr'><strong>de</strong></span> <span class='ocrx_word' id='word_1_167' title='bbox 903 3061 1053 3137; x_wconf 90' lang='lat' dir='ltr'><strong>casibus,</strong></span> <span class='ocrx_word' id='word_1_168' title='bbox 1066 3077 1214 3127; x_wconf 55' lang='lat' dir='ltr'><strong>unsrun..</strong></span> 
     </span>
     <span class='ocr_line' id='line_1_28' title="bbox 101 3159 1054 3245; baseline -0.008 -13"><span class='ocrx_word' id='word_1_169' title='bbox 101 3165 355 3233; x_wconf 84' lang='lat' dir='ltr'><strong>consessoribus</strong></span> <span class='ocrx_word' id='word_1_170' title='bbox 372 3161 567 3245; x_wconf 90' lang='lat' dir='ltr'><strong>perutilem,</strong></span> <span class='ocrx_word' id='word_1_171' title='bbox 582 3181 623 3226; x_wconf 90' lang='lat' dir='ltr'><strong>ac</strong></span> <span class='ocrx_word' id='word_1_172' title='bbox 635 3159 909 3226; x_wconf 89' lang='lat' dir='ltr'><strong>Constitutiones</strong></span> <span class='ocrx_word' id='word_1_173' title='bbox 924 3160 1054 3224; x_wconf 92' lang='lat' dir='ltr'><strong>ordinis</strong></span> 
     </span>
     <span class='ocr_line' id='line_1_29' title="bbox 102 3260 1053 3346; baseline -0.009 -14"><span class='ocrx_word' id='word_1_174' title='bbox 102 3266 390 3338; x_wconf 67' lang='lat' dir='ltr'><strong>Praedicatorum,</strong></span> <span class='ocrx_word' id='word_1_175' title='bbox 413 3281 491 3346; x_wconf 83' lang='lat' dir='ltr'><strong>quae</strong></span> <span class='ocrx_word' id='word_1_176' title='bbox 514 3262 609 3342; x_wconf 89' lang='lat' dir='ltr'><strong>prius</strong></span> <span class='ocrx_word' id='word_1_177' title='bbox 635 3261 700 3324; x_wconf 91' lang='lat' dir='ltr'><strong>sub</strong></span> <span class='ocrx_word' id='word_1_178' title='bbox 727 3260 927 3324; x_wconf 86' lang='lat' dir='ltr'><strong>confusione</strong></span> <span class='ocrx_word' id='word_1_179' title='bbox 949 3260 1053 3324; x_wconf 90' lang='lat' dir='ltr'><strong>habe-</strong></span> 
     </span>
     <span class='ocr_line' id='line_1_30' title="bbox 102 3360 1051 3443; baseline -0.011 -11"><span class='ocrx_word' id='word_1_180' title='bbox 102 3370 242 3442; x_wconf 88' lang='lat' dir='ltr'><strong>bantur,</strong></span> <span class='ocrx_word' id='word_1_181' title='bbox 261 3365 325 3427; x_wconf 90' lang='lat' dir='ltr'><strong>sub</strong></span> <span class='ocrx_word' id='word_1_182' title='bbox 341 3363 444 3427; x_wconf 86' lang='lat' dir='ltr'><strong>certis</strong></span> <span class='ocrx_word' id='word_1_183' title='bbox 457 3361 734 3425; x_wconf 90' lang='lat' dir='ltr'><strong>distinctionibus</strong></span> <span class='ocrx_word' id='word_1_184' title='bbox 748 3368 784 3423; x_wconf 93' lang='lat' dir='ltr'><strong>et</strong></span> <span class='ocrx_word' id='word_1_185' title='bbox 801 3360 909 3423; x_wconf 91' lang='lat' dir='ltr'><strong>titulis</strong></span> <span class='ocrx_word' id='word_1_186' title='bbox 926 3360 1051 3443; x_wconf 90' lang='lat' dir='ltr'><strong>posuit.</strong></span> 
     </span>
     <span class='ocr_line' id='line_1_31' title="bbox 103 3460 1053 3544; baseline -0.011 -10"><span class='ocrx_word' id='word_1_187' title='bbox 103 3468 193 3534; x_wconf 90' lang='lat' dir='ltr'><strong>Post</strong></span> <span class='ocrx_word' id='word_1_188' title='bbox 212 3464 387 3530; x_wconf 90' lang='lat' dir='ltr'><strong>biennium</strong></span> <span class='ocrx_word' id='word_1_189' title='bbox 409 3481 503 3539; x_wconf 90' lang='lat' dir='ltr'><strong>vero,</strong></span> <span class='ocrx_word' id='word_1_190' title='bbox 525 3462 569 3527; x_wconf 94' lang='lat' dir='ltr'><strong>ob</strong></span> <span class='ocrx_word' id='word_1_191' title='bbox 591 3460 828 3544; x_wconf 86' lang='lat' dir='ltr'><strong>impotentiam</strong></span> <span class='ocrx_word' id='word_1_192' title='bbox 854 3461 1053 3542; x_wconf 82' lang='lat' dir='ltr'><strong>magisterio</strong></span> 
     </span>
     <span class='ocr_line' id='line_1_32' title="bbox 102 3560 1052 3642; baseline -0.007 -10"><span class='ocrx_word' id='word_1_193' title='bbox 102 3567 240 3642; x_wconf 87' lang='lat' dir='ltr'><strong>cedens,</strong></span> <span class='ocrx_word' id='word_1_194' title='bbox 284 3565 320 3628; x_wconf 91' lang='lat' dir='ltr'><strong>in</strong></span> <span class='ocrx_word' id='word_1_195' title='bbox 357 3569 529 3627; x_wconf 89' lang='lat' dir='ltr'><strong>conventu</strong></span> <span class='ocrx_word' id='word_1_196' title='bbox 578 3560 806 3625; x_wconf 85' lang='lat' dir='ltr'><strong>Barchinonae</strong></span> <span class='ocrx_word' id='word_1_197' title='bbox 851 3561 1052 3640; x_wconf 82' lang='lat' dir='ltr'><strong>consenuit3</strong></span> 
     </span>
    </p>

    <p class='ocr_par' dir='ltr' id='par_1_4' title="bbox 74 3660 1053 3852">
     <span class='ocr_line' id='line_1_33' title="bbox 74 3660 1053 3747; baseline -0.011 -13"><span class='ocrx_word' id='word_1_198' title='bbox 74 3704 90 3733; x_wconf 64' lang='grc' dir='ltr'><strong>ο</strong></span> <span class='ocrx_word' id='word_1_199' title='bbox 102 3675 206 3733; x_wconf 87' lang='lat' dir='ltr'><strong>tanta</strong></span> <span class='ocrx_word' id='word_1_200' title='bbox 217 3663 393 3747; x_wconf 84' lang='lat' dir='ltr'><strong>religionis</strong></span> <span class='ocrx_word' id='word_1_201' title='bbox 404 3662 591 3727; x_wconf 89' lang='lat' dir='ltr'><strong>sanctitate</strong></span> <span class='ocrx_word' id='word_1_202' title='bbox 604 3660 752 3744; x_wconf 88' lang='lat' dir='ltr'><strong>pollens,</strong></span> <span class='ocrx_word' id='word_1_203' title='bbox 767 3668 806 3723; x_wconf 91' lang='lat' dir='ltr'><strong>ut</strong></span> <span class='ocrx_word' id='word_1_204' title='bbox 819 3668 897 3741; x_wconf 92' lang='lat' dir='ltr'><strong>post</strong></span> <span class='ocrx_word' id='word_1_205' title='bbox 910 3668 1053 3724; x_wconf 91' lang='lat' dir='ltr'><strong>mortem</strong></span> 
     </span>
     <span class='ocr_line' id='line_1_34' title="bbox 103 3754 926 3852; baseline -0.012 -20"><span class='ocrx_word' id='word_1_206' title='bbox 103 3766 346 3832; x_wconf 87' lang='lat' dir='ltr'><strong>miraculorum</strong></span> <span class='ocrx_word' id='word_1_207' title='bbox 361 3762 474 3845; x_wconf 88' lang='lat' dir='ltr'><strong>gloria</strong></span> <span class='ocrx_word' id='word_1_208' title='bbox 488 3761 627 3826; x_wconf 90' lang='lat' dir='ltr'><strong>babitus</strong></span> <span class='ocrx_word' id='word_1_209' title='bbox 644 3762 691 3824; x_wconf 92' lang='lat' dir='ltr'><strong>sit</strong></span> <span class='ocrx_word' id='word_1_210' title='bbox 704 3754 926 3852; x_wconf 83' lang='lat' dir='ltr'><strong>⁴[insignis].⁵</strong></span> 
     </span>
    </p>
   </div>
   <div class='ocr_carea' id='block_1_4' title="bbox 138 3984 1057 4266">
    <p class='ocr_par' dir='ltr' id='par_1_5' title="bbox 138 3984 1057 4266">
     <span class='ocr_line' id='line_1_35' title="bbox 140 3984 1057 4050; baseline -0.011 -7"><span class='ocrx_word' id='word_1_211' title='bbox 140 3992 301 4044; x_wconf 81' lang='lat' dir='ltr'><strong>&#39;‘ecclesiae</strong></span> <span class='ocrx_word' id='word_1_212' title='bbox 314 3984 458 4050; x_wconf 56' lang='lat' dir='ltr'><strong>Romana?</strong></span> <span class='ocrx_word' id='word_1_213' title='bbox 476 3984 544 4038; x_wconf 78' lang='lat' dir='ltr'><strong>D‘A.</strong></span> <span class='ocrx_word' id='word_1_214' title='bbox 630 3984 695 4035; x_wconf 75' lang='lat' dir='ltr'><strong>⁵St.</strong></span> <span class='ocrx_word' id='word_1_215' title='bbox 719 3986 850 4047; x_wconf 83' lang='lat' dir='ltr'><strong>lleymond</strong></span> <span class='ocrx_word' id='word_1_216' title='bbox 879 3985 907 4034; x_wconf 81' lang='lat' dir='ltr'><strong>os</strong></span> <span class='ocrx_word' id='word_1_217' title='bbox 937 3984 1057 4034; x_wconf 82' lang='lat' dir='ltr'><strong>l&#39;enasort</strong></span> 
     </span>
     <span class='ocr_line' id='line_1_36' title="bbox 138 4056 1057 4124; baseline -0.012 -10"><span class='ocrx_word' id='word_1_218' title='bbox 138 4062 174 4095; x_wconf 69' lang='grc' dir='ltr'>Η</span> <span class='ocrx_word' id='word_1_219' title='bbox 182 4063 314 4124; x_wconf 82' lang='lat' dir='ltr'><strong>excipiens</strong></span> <span class='ocrx_word' id='word_1_220' title='bbox 323 4056 337 4120; x_wconf 91' lang='lat'><strong>;’</strong></span> <span class='ocrx_word' id='word_1_221' title='bbox 348 4064 396 4111; x_wconf 78' lang='lat' dir='ltr'><strong>Ar.</strong></span> <span class='ocrx_word' id='word_1_222' title='bbox 596 4072 650 4105; x_wconf 86' lang='lat' dir='ltr'><strong>was</strong></span> <span class='ocrx_word' id='word_1_223' title='bbox 671 4057 733 4105; x_wconf 92' lang='lat' dir='ltr'><strong>born</strong></span> <span class='ocrx_word' id='word_1_224' title='bbox 755 4057 781 4104; x_wconf 91' lang='lat' dir='ltr'><strong>in</strong></span> <span class='ocrx_word' id='word_1_225' title='bbox 806 4060 869 4104; x_wconf 76' lang='lat'>1175</span> <span class='ocrx_word' id='word_1_226' title='bbox 892 4060 919 4103; x_wconf 85' lang='lat' dir='ltr'><strong>at</strong></span> <span class='ocrx_word' id='word_1_227' title='bbox 939 4070 956 4105; x_wconf 85' lang='lat' dir='ltr'><strong>e</strong></span> <span class='ocrx_word' id='word_1_228' title='bbox 983 4056 1057 4104; x_wconf 80' lang='lat' dir='ltr'><strong>small</strong></span> 
     </span>
     <span class='ocr_line' id='line_1_37' title="bbox 141 4125 1057 4195; baseline -0.012 -11"><span class='ocrx_word' id='word_1_229' title='bbox 141 4132 152 4162; x_wconf 84' lang='lat'><strong>¹</strong></span> <span class='ocrx_word' id='word_1_230' title='bbox 168 4134 294 4195; x_wconf 83' lang='lat' dir='ltr'><strong>‘Scripsit</strong></span> <span class='ocrx_word' id='word_1_231' title='bbox 304 4128 412 4191; x_wconf 53' lang='lat' dir='ltr'><strong>eutem?</strong></span> <span class='ocrx_word' id='word_1_232' title='bbox 424 4130 472 4179; x_wconf 78' lang='lat' dir='ltr'><strong>Ar.</strong></span> <span class='ocrx_word' id='word_1_233' title='bbox 595 4132 663 4175; x_wconf 87' lang='lat' dir='ltr'><strong>town</strong></span> <span class='ocrx_word' id='word_1_234' title='bbox 675 4125 703 4174; x_wconf 80' lang='lat' dir='ltr'><strong>oi</strong></span> <span class='ocrx_word' id='word_1_235' title='bbox 715 4126 770 4175; x_wconf 87' lang='lat' dir='ltr'><strong>that</strong></span> <span class='ocrx_word' id='word_1_236' title='bbox 785 4141 857 4174; x_wconf 84' lang='lat' dir='ltr'><strong>neure</strong></span> <span class='ocrx_word' id='word_1_237' title='bbox 874 4126 898 4173; x_wconf 91' lang='lat' dir='ltr'><strong>in</strong></span> <span class='ocrx_word' id='word_1_238' title='bbox 916 4125 1057 4186; x_wconf 85' lang='lat' dir='ltr'><strong>Catnlonia,</strong></span> 
     </span>
     <span class='ocr_line' id='line_1_38' title="bbox 141 4195 1057 4266; baseline -0.013 -11"><span class='ocrx_word' id='word_1_239' title='bbox 141 4196 315 4266; x_wconf 61' lang='lat' dir='ltr'><strong>“inriguisi</strong></span> <span class='ocrx_word' id='word_1_240' title='bbox 331 4201 380 4251; x_wconf 77' lang='lat' dir='ltr'><strong>Ar.</strong></span> <span class='ocrx_word' id='word_1_241' title='bbox 595 4198 646 4246; x_wconf 88' lang='lat' dir='ltr'><strong>aud</strong></span> <span class='ocrx_word' id='word_1_242' title='bbox 668 4211 723 4245; x_wconf 81' lang='lat' dir='ltr'><strong>was</strong></span> <span class='ocrx_word' id='word_1_243' title='bbox 744 4211 761 4246; x_wconf 84' lang='lat' dir='ltr'><strong>a</strong></span> <span class='ocrx_word' id='word_1_244' title='bbox 783 4196 938 4245; x_wconf 77' lang='lat' dir='ltr'><strong>descendant</strong></span> <span class='ocrx_word' id='word_1_245' title='bbox 960 4195 989 4244; x_wconf 83' lang='lat' dir='ltr'><strong>ol</strong></span> <span class='ocrx_word' id='word_1_246' title='bbox 1014 4195 1057 4244; x_wconf 87' lang='lat' dir='ltr'><strong>the</strong></span> 
     </span>
    </p>
   </div>
   <div class='ocr_carea' id='block_1_5' title="bbox 877 4286 927 4331">
    <p class='ocr_par' dir='ltr' id='par_1_6' title="bbox 877 4286 927 4331">
     <span class='ocr_line' id='line_1_39' title="bbox 877 4286 927 4331; baseline 0 0"><span class='ocrx_word' id='word_1_247' title='bbox 877 4286 927 4331; x_wconf 78' lang='lat'><strong>02</strong></span> 
     </span>
    </p>
   </div>
   <div class='ocr_carea' id='block_1_6' title="bbox 0 0 1461 4860">
    <p class='ocr_par' dir='ltr' id='par_1_7' title="bbox 0 0 1461 4860">
     <span class='ocr_line' id='line_1_40' title="bbox 0 0 1461 4860; baseline 0 0"><span class='ocrx_word' id='word_1_248' title='bbox 0 0 1461 4860; x_wconf 95' lang='lat' dir='ltr'><strong> </strong></span> 
     </span>
    </p>
   </div>
  </div>
 </body>
</html>
