2896 4860
166 1213 234 1256 batn
244 1212 267 1251 ol

325 392 389 460 158
678 405 750 454 nro.
767 406 914 453 nervam

327 566 474 632 Moritur
491 564 699 642 willelmus,
719 565 867 630 Eliensis
885 565 1079 650 episcopus,
1099 565 1135 631 in
1155 565 1280 631 itinere

324 686 445 733 versus
465 665 623 731 Romam.

587 883 609 919 P.
624 882 785 918 sentuosum
799 882 824 919 lt.
922 883 1075 920 rnnncoltult
1120 882 1258 918 ANGLORUM

359 971 481 1009 moxevur.
521 972 708 1010 omnesnnrnn
732 973 837 1008 nennrer
853 972 888 1009 vr.
928 971 1037 1007 ramum
1048 971 1077 1009 ιι.
1121 971 1225 1007 morsm
1240 972 1259 1009 1.

602 1035 627 1079 7.
775 1034 800 1079 7.
812 1035 836 1079 8.

392 1189 592 1253 Dnnnnc‘ro
638 1189 802 1253 Panormi
843 1189 878 1252 in
921 1188 1038 1253 Sicilia
1071 1189 1278 1273 imperatore

165 1267 312 1314 ‘mmmm'
327 1290 481 1355 Henrico
496 1290 578 1366 VI.,
595 1289 688 1354 Otho
706 1291 796 1354 filius
818 1289 962 1354 Henrici
986 1289 1082 1354 ducis
1103 1289 1279 1368 Saxoniae,

164 1416 221 1457 Otho
230 1414 268 1454 lV.

165 1466 270 1508 succeeds.

327 1410 433 1474 nepos
472 1391 613 1455 Ricardi
651 1410 695 1454 ex
728 1410 844 1455 sorore
881 1390 1041 1468 Matilde,
1072 1399 1280 1472 procurante

327 1492 498 1556 avunculo
539 1491 754 1555 abundanter
793 1510 977 1574 expensas,
1014 1511 1036 1554 a
1074 1491 1278 1573 quibusdam

326 1592 508 1658 Teutoniae
530 1592 742 1675 principibus
763 1593 798 1656 in
822 1612 937 1673 regem
961 1591 1199 1656 Romanorum
1221 1593 1280 1657 eli-

326 1693 542 1776 gitn13aliis
572 1693 779 1775 eligentibus
809 1692 1010 1776 Philippum
1038 1691 1160 1757 ducem
1190 1691 1278 1757 Sue-

326 1795 405 1871 viae,
448 1794 588 1858 fratrem
631 1792 776 1858 Henrici
825 1792 998 1875 quondam
1048 1792 1278 1875 imperatoris.

327 1894 434 1959 Hunc
460 1895 524 1958 sibi
557 1892 807 1959 confoederavit
835 1892 1019 1977 Philippus
1048 1885 1279 1957 ¹Francorum

328 2015 404 2072 rex,
425 2014 568 2077 sperans
593 2013 654 2077 per
677 2015 752 2059 cum
777 1995 936 2059 comitem
953 1993 1126 2057 Flandriae
1143 1993 1279 2060 facilius

327 2096 509 2180 subjicere,
532 2104 566 2160 et
584 2094 776 2177 Anglornm
800 2114 916 2176 regem
941 2094 1129 2158 Ricardum
1155 2093 1279 2159 fortius

327 2197 540 2279 impugnare.
593 2196 717 2260 Comes
737 2196 960 2260 Flandrensis
981 2195 1145 2259 Sanctum
1164 2193 1280 2259 Aude-

329 2317 462 2361 marum
493 2297 638 2373 obsedit,
666 2305 702 2361 et
730 2296 819 2361 infra
849 2315 979 2380 pancos
1009 2295 1082 2359 dies
1115 2295 1160 2359 ad
1188 2295 1280 2360 dedi-

166 2416 303 2460 menenn
330 2398 455 2463 tionem
479 2398 603 2480 coegit.
658 2397 828 2462 Ricardus
855 2404 970 2461 autem
994 2415 1055 2460 rex
1086 2394 1280 2477 Auglornm

166 2471 219 2517 king
228 2469 246 2507 is

167 2569 266 2612 Richard.

170 3726 239 3766 Deeth
249 3726 272 3765 ot

168 3776 275 3869 neu

167 2518 297 2566 reserens
330 2518 406 2563 cum
424 2498 649 2563 Vulcasinnm
664 2499 771 2582 juxta
789 2497 981 2562 Gisortium
996 2503 1160 2575 vastaret,
1178 2489 1281 2561 ²Tor-

329 2600 427 2663 cillas
445 2600 615 2683 villasque
629 2599 716 2663 alias
734 2598 941 2673 incenderet,
956 2598 1202 2679 superveniens
1219 2618 1279 2663 rex

331 2701 542 2764 Francorum
561 2698 742 2781 Philippus
764 2698 883 2782 praelio
904 2691 1110 2762 ³decertavit
1124 2717 1201 2762 cnm
1218 2719 1281 2778 eo;

330 2801 390 2864 sed
414 2800 554 2865 inferior
576 2802 688 2865 factus
708 2800 866 2881 aufugit:
893 2798 952 2882 qni
978 2799 1044 2861 nisi
1066 2797 1102 2861 in
1127 2807 1280 2863 castrum

331 2900 477 2965 Gisortii
496 2921 517 2964 a
537 2901 737 2965 custodibus
755 2894 981 2965 *attractatus
999 2899 1130 2976 suisset,
1150 2897 1279 2986 (fracto

332 3021 478 3083 namque
505 3003 569 3065 sub
596 3022 636 3066 eo
666 3010 770 3084 ponte
800 3001 880 3065 dum
911 3001 1057 3083 fugeret,
1082 3020 1170 3082 pene
1198 3002 1280 3065 sub·

331 3122 464 3166 mersus
488 3099 630 3186 fuerat)
653 3122 674 3166 a
699 3122 779 3185 roge
804 3101 955 3166 Ricardo
971 3100 1205 3166 vehementius
1232 3102 1282 3164 in-

330 3211 496 3285 sequente
519 3204 784 3285 comprehensus
810 3204 941 3267 suisset.
994 3200 1049 3264 De
1074 3201 1174 3286 eujus
1196 3203 1282 3266 mili-

332 3305 424 3368 tibus
458 3303 738 3368 nominatissimis
774 3305 867 3386 capti
904 3309 985 3366 sunt
1018 3301 1154 3366 circiter
1186 3311 1281 3367 octo·

332 3404 451 3486 ginta3
475 3406 565 3468 inter
578 3424 664 3487 quos
682 3404 845 3487 praecipui
862 3411 962 3467 erant
980 3401 1112 3467 Alanus
1130 3402 1172 3467 de
1191 3403 1284 3469 Rus-

331 3505 439 3582 ciaco‚
456 3504 646 3569 Matthaeus
661 3505 704 3568 de
725 3504 905 3579 Marliaco,
929 3502 1106 3568 Gilbertus
1128 3503 1171 3568 de
1194 3504 1283 3569 Mel·

331 3605 403 3669 loto
414 3605 543 3689 junior,
562 3605 744 3688 Philippus
762 3604 804 3668 de
818 3599 1016 3669 ⁵Nantolio.

382 3706 479 3770 Obiit
494 3706 559 3770 hoc
577 3726 667 3769 anno
685 3705 894 3770 Coelestinns
916 3723 1020 3787 papa,
1040 3723 1115 3767 cum
1135 3704 1281 3770 sedisset

331 3808 430 3872 annis
455 3827 529 3884 sex,
549 3808 721 3871 mensibus
744 3813 834 3883 octo,
854 3805 974 3868 diebus
989 3804 1157 3869 undecim.
1211 3806 1280 3870 Hic

367 4016 375 4048 ¹
392 4019 561 4069 ‘Francorum
570 4013 584 4079 ς’
598 4019 710 4080 wanting
722 4019 746 4065 in
757 4018 793 4066 M.
854 4014 865 4046 ³
881 4016 1038 4065 ‘decretavit
1047 4011 1062 4075 3'
1074 4015 1112 4065 M.
1125 4021 1150 4065 et
1160 4016 1208 4066 Ar.

331 4090 381 4138 and
393 4090 440 4138 Ar.
854 4084 863 4114 ⁴
880 4090 1022 4136 ‘attractus
1032 4082 1046 4147 ς’
1059 4086 1128 4137 D'A.

365 4157 376 4189 ¹
392 4159 537 4208 ‘Corccllas
547 4155 561 4217 ;’
575 4154 659 4207 D‘A.:
679 4156 793 4207 ‘Cortel-
854 4155 864 4183 ³
880 4158 1024 4207 ‘Nancolio
1033 4153 1047 4217 ;'
1060 4158 1129 4208 met
1138 4157 1186 4208 Ar.
1207 4158 1279 4208 Com-

332 4232 371 4279 las
381 4226 396 4291 3'
408 4230 447 4279 Μ.
456 4234 480 4278 et
492 4230 539 4278 Ar.
819 4242 880 4289 pare
893 4228 995 4290 Diceto,
1005 4233 1062 4278 7⁰4.
