2896 4860
557 400 738 449 hunnine.
1056 386 1122 452 255

166 575 285 639 scopo,
314 557 403 621 inter
439 555 647 620 Edwardum
670 564 705 621 et
736 557 884 622 barones
916 557 975 640 qui
1002 558 1119 623 villam

167 666 331 740 ceperant
358 656 505 721 induciae
529 664 610 721 sunt
636 663 807 739 accepto:
843 658 969 739 quihus
996 658 1122 723 duran·

167 756 272 834 tibus,
302 756 464 839 fugerunt
486 757 545 839 qui
574 756 693 821 villam
716 764 888 840 ceperant,
917 760 1121 840 burgenses·

167 876 236 938 que
252 874 290 921 se
307 863 342 922 et
357 876 421 920 sua
438 850 657 921 ¹dediderunt
673 856 856 920 Edwardo.

219 955 392 1020 Henricus
419 975 480 1019 rex
509 956 551 1019 de
579 956 728 1020 Francia
751 976 922 1033 reversus,
946 955 1207 1026 Oxoniamnenr,

169 1057 321 1133 veniens,
358 1055 585 1138 personaliter
620 1056 786 1120 orationis
820 1057 935 1137 gratia
963 1065 1121 1121 sanctam
1133 1026 1281 1117 mmm

168 1157 255 1220 adiit
274 1148 548 1220 'Frideswidam
601 1154 766 1220 Armatus
784 1175 905 1239 nempe
928 1155 994 1219 lide
1014 1165 1120 1233 recta,

169 1276 237 1320 non
270 1257 399 1321 veritus
428 1264 482 1320 est
511 1256 784 1338 superstitiosam
819 1256 1014 1338 opinionem
1045 1256 1122 1322 illo·

170 1376 244 1420 rum
267 1357 327 1439 qui
350 1362 475 1438 putant
495 1355 653 1419 illicitum
681 1355 818 1436 regibus
839 1354 967 1419 intrare
990 1356 1121 1434 villam,

168 1456 334 1521 ultionem
357 1455 392 1517 in
422 1474 481 1518 eos
511 1455 644 1536 virgine
674 1463 865 1518 exercente.
932 1454 988 1519 Ad
1019 1476 1120 1538 quem

170 1575 247 1619 cum
284 1555 435 1619 venisset
468 1553 560 1618 filius
598 1553 686 1638 ejus,
720 1555 914 1618 coadunato
953 1556 1120 1632 exercitu,

168 1655 340 1737 disposuit
356 1654 472 1718 hostes
488 1653 524 1716 in
543 1673 647 1718 manu
663 1653 779 1718 valida
795 1653 1007 1737 propulsare.
1060 1654 1120 1719 In·

169 1756 267 1818 terim
289 1754 547 1818 Londonienses
564 1753 773 1837 justitiarios
796 1754 887 1835 regis
914 1760 949 1817 et
975 1754 1120 1819 barones

169 1853 211 1917 de
250 1854 425 1918 scaccario
465 1854 652 1935 capientes,
694 1855 823 1918 carceri
866 1853 1119 1936 manciparunt.

170 1953 250 2018 Rex
274 1972 355 2016 vero
377 1953 507 2016 hahens
529 1971 644 2017 secum
668 1952 820 2017 illustres
842 1953 1026 2036 principes,
1057 1954 1119 2018 Ri-

168 2053 309 2117 cardum
335 2071 536 2135 germanum
562 2072 661 2116 suum
689 2070 805 2133 regem
838 2052 1053 2118 Alemanniae
1078 2073 1120 2118 ac

168 2153 274 2216 filium
299 2172 399 2216 suum
430 2152 649 2229 Edwardum,
676 2150 955 2234 Willelmumque
982 2152 1026 2217 dc
1049 2152 1120 2218 Va·

169 2252 284 2317 lentiis
313 2252 451 2316 fratrem
481 2253 665 2326 uterinum,
693 2251 968 2334 clarissimosque
994 2251 1120 2316 milites

168 2352 190 2417 J
194 2371 340 2416 oannem
360 2351 493 2435 Comyn
508 2351 551 2415 de
571 2351 690 2415 Scotia
709 2369 787 2415 cum
807 2350 1024 2415 multitudine
1039 2350 1120 2415 Sco·

170 2460 296 2528 torum,
307 2450 330 2515 J
334 2470 478 2515 oannem
495 2450 538 2514 de
555 2451 704 2516 Balliolo
720 2450 893 2515 dominum
907 2443 1119 2529 ³Galwidiae,

170 2552 362 2617 Robertum
398 2552 440 2616 de
471 2552 563 2614 Brus
601 2550 776 2614 dominum
803 2547 1118 2628 Vallis-Anandiae,

170 2651 346 2732 Rogerum
389 2651 432 2716 de
456 2645 629 2727 ⁴Clifford,
671 2650 868 2733 Philippum
909 2649 1120 2728 Marmionn,

168 2749 340 2815 Joannom
373 2751 415 2815 de
437 2746 628 2826 ⁶Vallibus,
645 2750 821 2832 Rogerum
856 2749 898 2813 de
928 2749 1119 2833 Leyborne,

170 2851 359 2915 Henricum
394 2849 436 2914 de
471 2850 594 2934 Percy,
629 2849 825 2933 Philippum
853 2830 1030 2927 Bessan(
1046 2849 1119 2914 Ro·

170 2970 290 3032 gerum
322 2949 364 3013 de
395 2950 650 3027 Mortuo-mari,
683 2969 761 3014 cum
795 2950 950 3013 exercitu
979 2963 1238 3032 propre-Thetim

171 3049 268 3114 diens
291 3049 408 3113 villam
434 3049 734 3133 Northamptoniae
754 3048 899 3125 obsedit,
918 3067 1021 3132 quam
1045 3048 1119 3115 Do.
1132 3015 1280 3153 ffifffl‘h·

1132 3125 1159 3153 en
1183 3124 1246 3164 merny

172 3150 296 3214 minica
324 3150 357 3213 in
382 3149 550 3214 Passione
577 3148 718 3214 effracto
746 3167 845 3212 muro
873 3148 1038 3213 intravit:
1066 3165 1244 3215 centiman-

86 3326 93 3343 ·
171 3250 290 3332 pitque
329 3249 364 3312 in
399 3250 459 3313 illa
492 3250 618 3314 milites
656 3248 870 3313 vexilliferos
902 3248 1120 3330 quindecim3

172 3349 330 3415 videlicet
344 3349 528 3431 Symonern
541 3348 726 3432 juniorem,
748 3347 959 3413 Willelmum
976 3348 1018 3412 de
1037 3349 1121 3414 Fer·

171 3449 283 3526 rariis,
321 3447 463 3513 Petrum
515 3448 558 3512 de
606 3447 841 3524 Monte-sorti,
881 3446 1121 3512 Baldewinnm

205 3687 479 3751 ¹‘dederunt3'D’A.
694 3687 881 3739 '‘Galwedtae
891 3684 906 3749 ς’
919 3690 958 3740 Μ.

204 3758 461 3820 '‘Fredeswidam3’
475 3760 633 3822 God.Reg.:
694 3755 954 3820 “Glirordrn'l.
992 3759 1062 3809 Here
1081 3774 1121 3808 we

166 3827 411 3893 ‘Frideswydam3'
431 3832 479 3881 Ar.
529 3830 634 3880 Bucer'e
659 3843 718 3891 may
735 3834 793 3879 note
809 3829 864 3878 that
882 3824 1050 3879 D‘Acheriue'
1069 3830 1122 3879 edi·

170 3903 230 3953 wife
247 3917 302 3951 was
324 3902 413 3950 huried
436 3902 461 3949 in
484 3901 526 3950 the
548 3901 633 3950 shrine
659 3900 712 3947 tion
730 3901 753 3948 ie
771 3900 861 3948 almost
878 3900 976 3961 always
994 3899 1076 3961 faulty
1095 3901 1121 3948 in

169 3976 198 4023 os
223 3975 260 4023 St.
285 3970 451 4032 Frideswide,
480 3972 506 4019 in
535 3970 634 4020 christ-
660 3969 766 4031 English
779 3970 1123 4031 propernames,endnamee

169 4044 274 4103 chorch,
294 4040 403 4100 Oxlord,
424 4040 487 4089 with
509 4040 560 4089 thie
583 4036 633 4109 (al
659 4039 689 4087 oi
708 4040 803 4101 placer.
843 4040 891 4088 We
913 4039 977 4089 have
998 4037 1122 4089 therefore

171 4120 235 4163 most
245 4109 390 4174 equivocal)
398 4111 555 4172 inscription,
566 4111 633 4161 ‘llic
659 4111 742 4170 rarely
754 4110 853 4158 noticed
865 4110 905 4158 his
915 4109 1060 4159 variatione.

165 4186 253 4245 jacent
263 4182 364 4244 Religio
376 4185 401 4231 et
413 4176 579 4246 Superstitio?
694 4176 705 4208 ⁸
719 4182 727 4208 ‘
740 4179 864 4229 Mollibus
874 4174 889 4239 ς’
904 4180 943 4228 Μ.
