2896 4860
327 369 393 438 288
689 384 761 432 uro.
784 383 930 431 rnrvnrr

166 562 297 602 ermom-t
329 543 392 606 bus
419 541 605 624 disputatis
627 542 669 605 de
696 541 823 624 populo
846 541 917 604 Dat
947 548 982 604 et
1005 540 1109 616 ultra,
1132 558 1219 622 quas
1244 539 1279 604 in

168 613 288 663 ‘nmmum'
329 641 436 707 Italia
468 643 670 726 disputavit.
739 641 828 706 Item
857 649 892 705 et
919 641 1054 704 tertiam
1081 647 1214 723 partem
1237 640 1282 704 de

328 743 577 825 quaestionibus
605 742 798 826 disputatis,
830 761 975 824 quarum
999 740 1134 805 initium
1160 750 1215 804 est
1237 740 1280 804 de

330 842 540 919 Virtutibus,
564 862 650 926 quas
680 842 872 924 disputavit
904 861 981 905 cum
1005 840 1155 905 secundo
1179 840 1280 904 Pari·

329 943 388 1007 siis
422 943 563 1025 legeret.
629 942 718 1006 Item
755 942 1007 1024 disputationes
1039 940 1197 1005 undecim
1236 940 1279 1005 de

330 1042 506 1122 Quolibet,
529 1062 675 1126 quarum
705 1061 768 1106 sex
799 1041 955 1118 Parisiis,
984 1048 1020 1104 et
1042 1040 1194 1124 quinque
1219 1040 1278 1104 de-

329 1144 573 1208 termiuuvitin
597 1143 713 1207 Italia.
759 1141 848 1206 Item
871 1149 993 1205 contra
1014 1139 1173 1205 Gentiles
1191 1160 1277 1223 qua·

329 1251 410 1308 tuor
431 1244 536 1308 libros
564 1243 713 1326 scripsit.
767 1242 856 1305 Item
880 1241 1055 1305 Summam
1082 1240 1278 1323 theologiae,

329 1363 432 1428 quarn
456 1345 492 1408 in
511 1351 580 1407 tres
601 1351 717 1427 partes
733 1342 861 1417 divisit,
880 1350 915 1405 et
937 1342 1121 1406 secundam
1139 1342 1173 1404 in
1191 1341 1279 1404 duas

329 1454 455 1528 partes.
508 1443 624 1508 Morte
652 1451 766 1508 autem
790 1449 986 1525 praeventus
1012 1443 1149 1505 tertiam
1171 1442 1280 1506 totius

328 1554 364 1610 et
386 1546 541 1609 ultimam
563 1563 632 1608 non
659 1542 856 1627 complevit.
909 1540 1070 1620 Quatuor
1087 1541 1279 1624 Evangelia

328 1646 531 1709 continuata
547 1644 765 1727 expositione
785 1644 827 1707 de
843 1642 945 1706 dictis
967 1648 1165 1707 sanctorum
1188 1641 1280 1724 glos·
1379 1703 1389 1712 ,

328 1745 431 1809 savit.
485 1743 662 1808 Litteralis
686 1744 790 1808 etium
815 1743 1039 1827 expositionis
1057 1743 1092 1806 in
1112 1742 1135 1807 J
1139 1742 1182 1805 ob
1207 1742 1280 1806 edi-

328 1845 379 1909 dit
409 1844 533 1908 librum
566 1864 682 1908 unum.
757 1843 868 1925 Super
896 1842 1086 1925 Epistolam
1121 1860 1203 1907 vero
1235 1842 1278 1907 ad

329 1944 520 2021 Romanos,
541 1952 575 2010 et
598 1963 702 2028 super
722 1944 839 2009 decem
860 1943 1014 2025 capitula
1042 1943 1210 2025 Epistolae
1232 1943 1276 2006 ad

330 2044 541 2122 Corinthios,
581 2045 663 2109 item
698 2063 802 2128 super
837 2043 978 2121 Isaiam,
1018 2041 1202 2107 Jeremiam
1242 2052 1278 2109 et

328 2144 486 2208 Threnos
508 2145 666 2228 postillas
698 2144 914 2227 conscripsit.
967 2142 1090 2207 Libros
1117 2144 1277 2226 Dionysii

328 2244 371 2308 de
394 2245 532 2309 Divinis
560 2244 779 2322 Nominibus,
810 2251 845 2308 et
868 2244 982 2308 Boetii
1007 2243 1050 2307 de
1078 2243 1278 2308 Hebdoma-

328 2344 428 2408 dibus
456 2345 642 2428 exposuit;
674 2345 733 2409 sed
764 2365 869 2428 super
897 2344 1021 2408 librum
1052 2343 1205 2427 ejusdem
1235 2345 1279 2410 de

328 2444 499 2510 Trinitate
532 2438 793 2528 expositionem¹
831 2444 1025 2508 inchoatam
1060 2462 1276 2527 nequaquam

329 2545 482 2627 perfecit.
566 2545 739 2629 Exposuit
769 2544 873 2609 etiam
903 2543 1009 2607 libros
1045 2543 1280 2626 Philosophiae

329 2645 506 2728 plurimos,
521 2652 607 2728 puta
629 2645 854 2728 Physicorum
879 2644 984 2708 libros
1001 2651 1080 2709 octo
1096 2644 1279 2728 complete,

330 2744 420 2809 Coeli
446 2755 481 2810 et
507 2744 632 2809 Mundi
663 2747 821 2829 primum,
853 2745 1038 2808 secundum
1072 2752 1108 2810 et
1137 2745 1278 2810 tertium

331 2845 577 2922 Meteororum,
606 2846 754 2928 primum
786 2854 821 2909 et
847 2844 1032 2909 secundom
1066 2845 1109 2909 de
1139 2844 1281 2923 Anima,
1322 2898 1329 2909 .

328 2946 515 3010 secundum
538 2952 573 3008 et
595 2945 733 3009 tertium
756 2946 798 3009 de
824 2944 1055 3009 Generatione
1079 2954 1114 3009 et
1132 2945 1281 3028 Corrup-

329 3046 434 3123 tione‚
457 3046 562 3109 libros
588 3044 674 3110 duos
696 3046 739 3109 de
761 3045 871 3109 Sensu
900 3053 935 3110 et
957 3044 1115 3122 Sensato,
1137 3045 1180 3110 de
1203 3045 1278 3110 Me-

330 3147 437 3209 moria
463 3153 499 3208 et
525 3144 806 3209 Reminiscentia.
857 3142 1071 3209 2Ethicorum
1088 3144 1194 3210 libros
1219 3146 1278 3212 de-

330 3265 423 3323 cem;
460 3245 709 3328 Metaphysicae
740 3244 941 3323 duodecim3
975 3245 1080 3309 libros
1106 3245 1281 3311 Posterio-

330 3365 418 3422 rum,
450 3354 485 3410 et
514 3346 660 3428 primum
694 3346 979 3422 Perihermenias,
1005 3345 1280 3429 principiumque

330 3445 471 3509 secundi
506 3445 633 3524 edidit;
658 3455 692 3511 et
718 3452 889 3510 tractatus
919 3446 1086 3522 diversos,
1120 3454 1206 3527 puta
1236 3447 1279 3511 de

333 3543 430 3622 Fide,
456 3545 537 3628 Spe,
562 3553 597 3610 et
615 3546 783 3624 Caritate,
812 3545 855 3609 ad
880 3545 1021 3609 fratrem
1047 3545 1277 3627 Reginaldum

330 3645 459 3709 socium
483 3665 595 3711 suurn.
649 3645 739 3710 Item
770 3645 813 3709 ad
831 3645 974 3709 eundem
999 3645 1040 3708 de
1066 3644 1278 3711 Substantiis

329 3746 509 3827 separatis.
566 3746 654 3809 Item
686 3753 808 3810 contra
830 3746 1033 3827 magistrum
1065 3744 1278 3811 Willelmum

329 3844 372 3908 de
402 3845 530 3909 Sancto
565 3844 705 3922 Amore,
732 3853 766 3909 et
797 3846 1039 3928 impugnantes
1081 3845 1277 3929 religionem

365 4071 437 4121 'An
451 4075 509 4130 220,
525 4070 584 4120 here
603 4073 693 4121 inserts
713 4072 787 4121 ‘cum
849 4067 1044 4121 '‘Ethicorum
1078 4072 1165 4135 libros,
1191 4071 1278 4121 decem

327 4136 530 4203 questionibus?
817 4142 1011 4204 Metaphyncae,
1021 4142 1086 4191 duos
1101 4143 1179 4192 libros
1191 4142 1279 4192 Poste·

814 4208 1013 4273 riorum3'D'A.
