2902 5294
321 396 388 462 246
689 414 762 461 ruo.
778 380 926 461 rnrvnrr

324 591 425 655 quem
452 570 529 634 ‘De
556 569 680 634 Mundi
710 570 890 635 Pericnlis’
915 568 1119 646 intitulavit,
1144 569 1180 633 in
1209 586 1280 650 quo

325 678 447 736 contra
463 669 600 735 ordines
617 689 805 753 pauperum
822 671 1058 754 multipliciter
1076 664 1279 745 ¹invebitur,

326 771 513 854 reprobans
541 771 577 834 in
610 771 756 836 ecclesia
780 771 971 836 cathedrali
997 770 1152 835 comburi
1182 767 1278 845 iecit,

326 869 627 935 excommunicans
645 891 765 936 omnes
781 873 841 954 qni
859 872 1009 936 retinent
1025 870 1149 934 librum
1164 868 1278 932 illum.

327 968 471 1035 Ceteros
492 971 595 1035 etiam
616 972 813 1053 magistros,
835 991 897 1055 por
919 971 1048 1037 dictum
1065 968 1280 1035 Willelmum

327 1072 529 1148 concitatos,
551 1072 665 1153 coegit
686 1071 811 1136 fratres
838 1072 883 1136 ad
905 1090 1025 1155 paoem
1052 1071 1217 1152 recipere,
1242 1075 1279 1133 et

326 1171 513 1235 secundum
543 1171 655 1253 legem
683 1172 839 1236 caritatis
866 1178 1026 1237 tractare.
1079 1170 1157 1234 Pax
1188 1170 1280 1232 inter

327 1272 536 1335 comitissam
563 1269 736 1337 Flandriae
753 1264 806 1335 'et
829 1271 918 1335 lilios
946 1290 1041 1348 snos,
1067 1289 1129 1354 per
1148 1269 1279 1335 media·

326 1372 454 1436 tionem
468 1372 561 1453 regis
577 1372 802 1448 Francorum,
817 1373 881 1435 snb
895 1371 961 1436 hac
977 1371 1086 1435 forma
1102 1370 1275 1434 firmatur:

326 1470 487 1536 videlicet
513 1471 605 1554 quod
628 1471 835 1549 Florentino,
857 1491 971 1536 comes
995 1469 1195 1547 Holandlae,
1217 1468 1279 1552 qni

327 1571 416 1635 fovit
435 1578 567 1654 partem
589 1570 737 1636 filiorum
760 1570 883 1654 prioris
906 1570 1030 1646 mariti,
1058 1579 1093 1635 et
1113 1589 1225 1652 nuper
1243 1567 1279 1631 in

328 1671 419 1735 bello
436 1671 524 1735 filios
543 1672 743 1752 posterioris
761 1672 876 1735 mariti
890 1678 1041 1754 ceperat,
1058 1680 1187 1735 etcum
1201 1668 1279 1732 aliis

330 1771 599 1835 Flandrensibus
627 1772 663 1835 in
691 1791 828 1836 carcere
854 1770 1043 1848 detinebat,
1072 1771 1107 1835 in
1133 1788 1277 1834 uxorem

328 1871 470 1936 duceret
486 1871 590 1935 filiam
608 1870 806 1948 comitissae,
825 1864 875 1935 ³et
891 1871 1075 1935 comitatus
1102 1869 1279 1935 Hauoniae

328 1989 405 2035 cnm
427 1972 511 2035 urbe
529 1970 781 2046 Valentinensi‚
806 1971 949 2036 cedente
967 1969 1094 2035 Carolo
1115 1970 1158 2035 ad
1177 1988 1279 2050 roga-

328 2079 401 2135 tnm
426 2071 518 2154 regis
543 2071 767 2148 Francorum,
794 2079 833 2135 ut
849 2072 1095 2136 concederetur
1116 2070 1196 2133 liliis
1218 2088 1280 2151 ge-

328 2172 410 2235 nitis
426 2171 468 2235 de
485 2171 624 2236 domino
642 2172 684 2235 de
698 2170 850 2246 Avenis;
876 2171 1061 2235 comitatus
1076 2188 1157 2235 vero
1173 2169 1278 2235 Flan-

327 2271 423 2348 driae,
438 2291 514 2335 oum
530 2271 630 2336 terris
644 2271 733 2349 aliis,
745 2271 823 2335 filiis
837 2271 1003 2335 Willelmi
1019 2271 1062 2335 de
1074 2271 1277 2352 Dampetra.

327 2371 399 2435 Sub
429 2371 483 2435 his
510 2373 726 2454 pactionibus
756 2372 917 2436 liberavit
947 2390 1062 2435 comes
1091 2370 1280 2435 Holandiae

329 2470 523 2536 Gnidonem
543 2472 713 2537 etfratres
729 2471 817 2555 ejus,
828 2472 918 2536 filios
935 2470 1120 2561 comitissae
1136 2471 1180 2534 de
1197 2490 1278 2554 pos·

328 2572 445 2636 teriori
461 2573 597 2650 marito,
613 2591 690 2636 cum
710 2571 981 2636 Flandrensibus
997 2563 1103 2635 ⁴aliis.

165 3095 282 3196 grenan,
380 3073 576 3138 Rlcltanus
599 3072 704 3138 irater
720 3076 812 3157 regis
830 3076 968 3159 Angliae
986 3075 1021 3140 in
1038 3076 1280 3142 Alemanniam

166 3197 278 3286 25qu
329 3173 510 3251 transiens,
530 3171 744 3256 Aquisgrani
767 3176 802 3239 in
824 3197 940 3260 regem
965 3176 1200 3243 Romanorum
1224 3199 1282 3243 so·

166 3296 234 3336 orne
279 3255 308 3296 ¹²³
328 3274 486 3339 lemniter
500 3282 696 3355 coronatur.
744 3274 902 3356 Carolus,
920 3296 1034 3343 comes
1052 3277 1279 3360 Andagaviae,

167 3347 187 3387 Β
188 3357 269 3387 ””””
329 3375 529 3440 comitatum
576 3374 768 3439 Provinoiae
812 3378 997 3461 accipiens,
1039 3378 1280 3443 Marsilienses

329 3469 551 3539 “rebellantea
578 3477 614 3540 in
643 3494 747 3539 manu
775 3475 854 3542 lorti
878 3478 1052 3561 repressit.
1105 3478 1186 3543 Rex
1207 3477 1283 3543 An-

328 3575 408 3657 gliae
432 3575 503 3640 filio
531 3595 595 3640 suo
617 3575 789 3641 Edwardo
811 3577 1035 3656 Vasconiam,
1062 3578 1282 3658 Hiberniam,

322 3675 515 3758 villamque
532 3676 688 3741 Bristolli
705 3677 811 3742 dedit.

363 3888 371 3918 ¹
387 3886 521 3951 ‘inveniti
532 3891 580 3942 Ar.
851 3892 861 3923 ⁸
879 3896 953 3945 From
966 3891 1158 3946 ‘etcomitatus'
1170 3901 1196 3945 to
1207 3898 1281 3947 ‘vero

816 3962 961 4029 Flandriae,'
972 3982 1015 4017 are
1026 3967 1129 4016 omitted
1142 3968 1167 4015 in
1179 3967 1226 4018 Ar.

362 4028 372 4058 ²
388 4032 465 4081 Wbat
481 4031 576 4094 follow,
592 4048 620 4081 ns
638 4033 676 4083 sar
687 4050 716 4085 as
727 4038 734 4063 ‘
745 4038 788 4099 qui
849 4035 859 4066 ⁴
875 4038 950 4086 ‘aliis
961 4037 1142 4098 concaptivis;’
1157 4036 1203 4088 Ar.

326 4102 406 4162 lorit,'
418 4117 461 4152 are
473 4103 576 4152 omitted
590 4104 616 4152 in
628 4105 665 4155 Μ.
849 4105 859 4136 ⁵
877 4108 989 4158 Omitted
1001 4109 1026 4157 in
1039 4109 1076 4157 M.
1089 4109 1139 4157 and
1150 4108 1198 4158 Ar.
