2896 4860
576 419 758 469 suasano.
1068 402 1134 468 209

181 574 432 641 Saracenorum
452 575 603 641 dominio
623 577 746 642 iterum
769 584 823 641 est
844 575 1010 659 subJecta.
1063 575 1131 640 Eo·

180 673 258 739 dem
284 695 377 740 anno
395 677 548 753 Tartari,
571 675 758 758 Georgiam
781 683 816 741 et
837 674 1037 740 Armeniam
1059 696 1132 741 ma-

175 774 289 859 jorem
305 784 496 855 vastantes,
513 797 576 841 suo
594 796 653 841 eas
667 776 818 841 dominio
834 776 1066 860 subjecerunt.

232 875 288 939 De
313 877 463 942 secundo
486 877 639 960 capitulo
660 875 812 958 generali
834 875 978 940 fratrum
1001 877 1272 990 ordinisnoffionr

180 973 467 1053 Praedicatorum,
492 977 584 1061 quod
613 978 678 1041 sub
707 953 1283 1083 1)(ιαῐοΒοιιιίηίοοοιιΙιι.οἱιοιιὸιηρῶμ

178 1075 317 1141 bratum
331 1084 385 1141 est
404 1077 582 1156 Bononiae,
599 1078 665 1142 hoc
687 1098 778 1142 anno
794 1077 890 1141 missi
911 1086 991 1142 sunt
1006 1078 1129 1143 fratres
1141 1092 1243 1181 mppr

181 1174 463 1242 Praedicatores
454 1199 490 1242 m
508 1177 684 1260 Angliam,
703 1178 762 1261 qui
785 1197 926 1242 numero
953 1178 1128 1256 tredecim,
1141 1143 1281 1282 ductpffifflto

178 1274 345 1341 habentes
370 1279 516 1361 priorem
544 1278 684 1344 fratrem
709 1277 904 1342 Gilbertum
931 1278 974 1342 de
1004 1278 1128 1342 Fraxi-
1118 1228 1189 1292 ³¹¹⁸

180 1384 275 1454 neto,
292 1378 327 1440 in
349 1379 512 1444 comitiva
526 1378 732 1444 venerabilis
755 1379 863 1461 patris
885 1377 1014 1443 domini
1032 1378 1129 1443 Petri

178 1475 223 1542 de
251 1477 425 1562 Rupibus,
441 1478 692 1544 Wintoniensis
715 1479 879 1562 episcopi,
904 1478 1129 1544 cantuariam

179 1585 432 1661 pervenerunt:
458 1571 529 1643 ¹ubi
545 1599 623 1644 cum
640 1597 678 1643 se
695 1579 833 1644 domino
848 1578 1023 1662 Stephano
1038 1578 1130 1644 Can·

180 1678 346 1743 tnariensi
361 1677 598 1762 archipraesuli
610 1686 889 1762 praesentassent,
902 1679 1021 1744 audito
1035 1680 1128 1762 quod

180 1776 432 1843 Proedicatores
451 1789 577 1857 essent,
593 1780 712 1844 statim
728 1780 826 1844 fratri
843 1778 1001 1844 Gilberto
1023 1779 1130 1862 impo-

179 1878 262 1955 suit,
289 1887 329 1942 ut
356 1898 471 1944 coram
499 1900 536 1944 se
561 1900 753 1946 sermonem
778 1880 906 1944 faceret
927 1880 962 1942 in
985 1879 1130 1946 ecclesia

179 1977 343 2062 quadam,
367 1979 400 2042 in
425 1999 495 2063 qua
520 1981 665 2063 ipsemet
688 1986 916 2064 proposuerat
933 1979 1053 2044 eodem
1075 1981 1130 2046 die

179 2079 381 2161 praedicare.
444 2078 554 2164 Cujus
580 2081 694 2146 verbis
722 2080 906 2145 admodum
939 2079 1129 2146 aedificatus

180 2180 351 2261 pontifex,
380 2187 454 2244 toto
477 2199 540 2244 suo
566 2188 730 2264 tempore,
757 2181 957 2262 religionem
983 2180 1128 2245 fratrum

181 2277 452 2345 Praedicatorum
465 2288 499 2344 et
513 2279 660 2346 officium
679 2282 949 2364 prosecutus'est
964 2282 1078 2364 gratia
1094 2290 1129 2348 et

178 2378 311 2445 favore.
363 2380 629 2463 Progredientes
646 2388 761 2445 autem
776 2380 901 2446 iratres
918 2380 960 2444 de
973 2379 1126 2445 Cantua·

179 2480 246 2558 ria,
263 2488 432 2545 venerunt
454 2480 649 2546 Londonias
671 2481 706 2545 in
729 2481 818 2546 festo
841 2481 951 2546 sancti
975 2480 1129 2545 Lauren·

181 2580 247 2659 tii;
274 2587 310 2644 et
332 2581 476 2645 ulterius
497 2575 686 2648 ²Oxoniam
708 2581 744 2646 in
765 2582 853 2645 festo
872 2580 1131 2664 Assumptionis

181 2678 341 2763 Virginis
371 2681 543 2763 gloriosae,
573 2683 609 2745 in
645 2682 745 2765 cujus
783 2681 912 2746 honore
944 2682 1130 2746 oratorium

181 2787 474 2847 construxerunt:
509 2790 543 2847 et
570 2782 741 2847 habebant
768 2781 905 2848 scholas
931 2781 1022 2859 illas,
1052 2801 1131 2864 quae

183 2900 274 2947 nunc
291 2882 402 2946 sancti
420 2881 581 2946 Edwardi
605 2882 777 2959 dicuntur,
794 2883 830 2946 in
853 2883 952 2967 cujus
969 2882 1133 2966 parochia

181 2980 296 3047 locum
319 2992 536 3064 acceperant,
561 2983 595 3046 in
619 3002 688 3065 quo
707 2989 861 3065 tempore
883 2982 999 3065 aliquo
1020 3001 1133 3046 mora·

181 3082 319 3147 bantur.
371 3082 438 3146 Sed
462 3102 538 3146 cum
561 3102 630 3147 non
653 3090 743 3147 esset
761 3083 1001 3167 opportunitas
1020 3082 1131 3146 locum

181 3180 391 3248 sufficienter
415 3182 594 3261 dilatandi,
613 3184 866 3248 transtulerunt
890 3203 926 3247 se
954 3182 997 3247 ad
1019 3182 1133 3247 locum

183 3302 310 3368 arege
332 3283 382 3349 eis
404 3303 617 3362 concessum,
647 3284 705 3347 nbi
729 3303 820 3349 nunc
847 3283 1005 3348 habitant
1031 3292 1133 3349 extra

186 3404 316 3451 muros

232 3484 364 3549 Eodem
387 3503 478 3549 anno
501 3493 625 3549 octavo
639 3483 718 3548 idus
733 3483 886 3568 Augusti
902 3477 1041 3549 ³beatus
1060 3485 1132 3549 Do·
1146 3502 1287 3592 ”white

184 3584 340 3663 minicus,
372 3585 502 3649 ordinis
538 3584 807 3650 Praedicatorum
843 3585 1032 3662 institutor,
1066 3586 1133 3669 pri·
1111 3557 1175 3600 ''s‘
1182 3555 1258 3594 ”mn

184 3703 330 3769 musque
356 3686 534 3768 magister,
560 3686 595 3750 in
623 3692 796 3749 conventu
820 3684 1029 3749 Bononiensi
1061 3686 1134 3750 dies

183 3802 268 3851 suos
285 3786 321 3849 in
345 3787 447 3862 bono,
466 3792 501 3850 et
518 3804 625 3849 annos
642 3804 724 3849 suos
741 3784 925 3868 complevit
944 3786 980 3849 in
1003 3785 1131 3866 gloria:

184 3894 397 3970 acceptoque
414 3885 555 3950 denario
567 3885 702 3964 diurno,
717 3892 881 3969 tanquam
893 3884 1002 3949 fidelis
1014 3904 1134 3951 servus

224 4093 231 4125 ¹
249 4098 294 4147 ubi
304 4098 362 4146 cnm
375 4096 461 4145 sedem
472 4089 485 4156 ;'
498 4095 538 4145 M.
674 4109 742 4157 ever,
760 4109 792 4142 on
810 4098 917 4144 account
935 4093 964 4142 oi
979 4094 1035 4144 that
1053 4094 1082 4142 ol
1093 4093 1136 4144 the

223 4162 517 4227 'oxoniis3’M.etAr.
674 4164 889 4226 'l'ranslignration
918 4163 1008 4227 falling
1032 4179 1064 4213 on
1087 4165 1137 4214 this

224 4233 236 4267 ⁸
249 4237 412 4301 Augustdtlr.
448 4236 651 4287 Hisieasthow·
675 4234 736 4297 day,
748 4235 771 4283 is
782 4235 845 4299 kept
852 4250 884 4284 on
895 4234 939 4284 the
949 4234 993 4283 ltlr
1004 4235 1116 4297 August.

968 4327 988 4373 P
