2896 4860
365 386 410 452 at
442 472 449 483 Ι
725 400 799 450 ruo.
816 401 964 450 rnrvnnr

204 577 298 619 reno
366 559 512 642 singulis
538 552 624 623 ¹lere
647 558 780 636 diebus,
809 557 1002 623 itinerando
1032 556 1170 640 fatigat.
1232 557 1313 623 Non

203 627 336 780 Q«
367 661 470 737 enim,
492 660 582 725 sicut
604 658 663 722 alii
685 678 796 740 reges,
818 660 855 723 in
877 659 1009 741 palatio
1036 678 1100 722 suo
1121 658 1230 743 jacet,
1252 659 1314 723 sed

202 730 240 771 ’δ’
300 756 307 769 ’
367 780 430 844 per
456 760 653 844 provincias
681 778 822 823 currens
847 759 1008 843 explorat
1033 759 1127 823 facta
1149 759 1316 838 omnium,

367 861 446 925 illos
470 860 646 944 potissime
663 859 838 943 judicans,
860 879 948 942 quos
979 859 1159 924 constituit
1176 858 1314 943 judices

367 960 525 1025 aliorum.
578 959 691 1024 Nemo
705 968 759 1025 est
776 961 933 1042 argutior
949 960 985 1024 in
1002 958 1166 1035 consiliis,
1189 960 1224 1022 in
1245 961 1315 1024 elo·

367 1061 450 1145 quio
463 1060 660 1138 torrentior,
675 1060 828 1125 securior
842 1061 878 1123 in
893 1060 1066 1142 periculis,
1088 1059 1124 1123 in
1142 1060 1316 1142 prosperis

368 1161 530 1239 timidior,
553 1160 767 1226 constantior
791 1161 827 1224 in
856 1159 1021 1224 adversis.
1072 1158 1186 1238 Quem
1210 1160 1317 1225 semel

369 1261 504 1339 dilexit,
533 1261 593 1324 vix
625 1259 802 1342 dediligit3
834 1280 935 1344 quem
966 1280 1048 1325 vero
1078 1260 1185 1324 semel
1218 1253 1316 1326 ²odio

368 1361 499 1438 habuit,
516 1360 576 1424 vix
591 1361 626 1424 in
644 1361 792 1443 gratiam
811 1360 1055 1426 familiaritatis
1072 1360 1233 1426 admittit.

420 1461 583 1542 ‘Semper
604 1460 639 1522 in
662 1461 821 1524 manibus
843 1470 925 1525 sunt
947 1481 1060 1539 arcus,
1082 1481 1195 1538 enses,
1210 1481 1316 1527 vena-

369 1561 464 1639 bula,
494 1568 530 1625 et
558 1561 717 1642 sagittae3
754 1561 820 1624 nisi
850 1562 896 1625 sit
926 1561 961 1624 in
994 1561 1158 1637 consiliis,
1189 1570 1252 1626 aut
1281 1564 1316 1626 in

368 1661 476 1725 libris.
527 1659 696 1739 Quotiens
720 1661 809 1725 enim
835 1668 951 1743 potest
974 1661 1106 1725 acutis
1131 1670 1166 1727 et
1188 1662 1316 1727 sollici-

369 1761 546 1826 tudinibus
567 1761 748 1844 respirare,
771 1770 905 1826 secreta
929 1774 967 1825 sc
989 1770 1136 1844 occupat
1158 1761 1317 1840 lectione,

369 1869 432 1926 aut
456 1862 493 1925 in
514 1881 623 1926 cuneo
651 1861 852 1926 clericorum
879 1861 1027 1945 aliquem
1052 1862 1179 1927 nodum
1202 1882 1317 1946 quaes-

370 1960 473 2027 tionis
499 1961 636 2026 laborat
658 1962 831 2026 evolvere.
891 1961 983 2026 Nam
1011 1982 1087 2026 cum
1114 1982 1176 2026 rex
1202 1973 1318 2029 vester

368 2062 457 2126 bene
483 2061 619 2126 litteras
641 2060 788 2139 noverit,
817 2082 880 2127 rex
911 2070 1029 2127 noster
1053 2062 1156 2144 longe
1182 2062 1317 2129 littera·

370 2162 438 2226 tior
466 2169 530 2226 est.
582 2162 658 2243 Ego
686 2161 835 2225 enimin
865 2162 1006 2227 litterali
1033 2163 1178 2227 scientia
1208 2164 1317 2228 facul·

370 2269 461 2327 tates
492 2262 671 2345 utriusque
699 2262 856 2344 cognovi.
909 2263 1013 2327 Scitis
1040 2263 1132 2347 quod
1159 2262 1318 2329 dominus

369 2382 434 2426 rex
464 2354 609 2426 ’Siciliae
644 2382 706 2446 per
736 2381 863 2427 annum
892 2363 1080 2446 discipulus
1104 2383 1200 2428 meus
1230 2364 1316 2445 fuit3

369 2463 486 2547 etqui
516 2463 658 2528 avobis
688 2463 944 2528 versificatoriae
969 2472 1074 2547 atque
1101 2463 1318 2530 litteratoriae

369 2564 455 2627 artis
479 2562 648 2647 primitias
673 2562 853 2641 habuerat,
878 2583 940 2646 per
964 2563 1167 2628 industriam
1190 2572 1226 2629 et
1247 2565 1318 2631 sol-

369 2662 581 2728 licitudinem
609 2682 721 2727 meam
755 2656 939 2728 ⁴beneficia
971 2664 1125 2728 scientiae
1154 2664 1318 2747 plenioris

369 2764 531 2828 obtinuit.
583 2762 699 2842 Quam
725 2763 794 2827 cito
821 2771 936 2828 autem
959 2783 1118 2846 egressus
1140 2785 1216 2829 sum
1239 2786 1318 2848 reg·

369 2883 464 2940 num,
491 2862 565 2946 ipse
593 2862 689 2926 libris
718 2862 862 2947 abjectis
885 2859 946 2928 ⁵ad
971 2865 1079 2929 otium
1107 2885 1145 2929 se
1171 2867 1320 2932 contulit

370 2962 574 3046 palatinum.
621 2962 859 3029 Veruntamen
884 2964 975 3048 apud
1001 2965 1176 3029 dominum
1202 2986 1318 3049 regem

370 3062 577 3145 Anglorum,
603 3063 805 3145 quotidiana
831 3066 907 3149 ejus
933 3065 1052 3130 schola
1081 3074 1155 3146 est3
1189 3066 1320 3132 littera·

371 3162 582 3228 tissimorum
599 3166 817 3229 conversatio
834 3165 943 3250 jugis,
966 3174 1002 3229 et
1018 3166 1186 3231 discussio
1204 3187 1318 3251 quaes·

371 3263 515 3329 tionum.
569 3262 698 3327 Nullus
730 3284 811 3346 rege
840 3274 959 3330 nostro
989 3277 1042 3331 est
1073 3265 1249 3333 honestior
1282 3269 1318 3332 in

370 3363 555 3447 loquendo,
576 3364 612 3427 iu
632 3364 841 3429 comedendo
864 3365 1037 3442 urbanior,
1058 3360 1190 3430 ⁶nullus
1212 3370 1320 3432 muni-

370 3463 527 3528 ficentior
548 3463 584 3527 in
610 3464 850 3549 elecmosynis,
871 3465 1016 3548 ideoque
1038 3467 1138 3550 quasi
1163 3487 1320 3551 unguen-

370 3570 444 3629 tum
454 3564 598 3628 effusum
612 3572 666 3629 est
676 3585 800 3630 nomen
812 3565 900 3650 ejus,
912 3572 965 3631 ‘et
976 3566 1212 3653 eleemosynas
1226 3569 1319 3633 illius

368 3672 488 3728 narrat
505 3664 614 3729 omnis
630 3665 776 3729 ecclesia
791 3658 1028 3730 sanctorum.'⁷

405 3863 413 3898 ¹
430 3867 439 3896 ‘
448 3867 517 3917 feriis
526 3861 541 3928 ;'
553 3868 592 3918 M.
603 3872 628 3917 et
639 3867 687 3919 Ar.
738 3900 741 3907 ·
890 3865 1059 3931 “paulatim
1072 3869 1106 3919 nd
1121 3870 1200 3919 otium
1217 3886 1245 3920 se
1261 3886 1321 3922 con·

403 3934 415 3966 ³
429 3938 539 3987 ‘exosus
550 3938 668 3987 habuerit
677 3934 692 4001 ς’
705 3937 746 3989 ed.
757 3942 829 3988 1519.
855 3939 916 3989 tulit
925 3935 940 3998 ς’
958 3940 999 3989 ed.
1014 3944 1086 3989 1519.

402 4004 486 4058 'Via
504 4008 616 4058 William
637 4009 675 4059 11.
694 4011 830 4059 sarnamed
889 4007 900 4039 ⁸
918 4009 967 4059 Ed.
989 4014 1053 4059 1519
1078 4009 1169 4058 inserts
1186 4010 1319 4062 ‘moriem

367 4078 425 4128 ‘the
435 4074 526 4129 Good.’
664 4118 665 4121 ,
854 4079 902 4128 tior
915 4080 942 4128 in
959 4081 1067 4129 bibendo
1074 4079 1094 4138 ,·'
1104 4080 1165 4143 and,
1177 4079 1276 4130 instead
1292 4082 1322 4132 ol'

404 4148 414 4179 ⁴
429 4150 594 4199 ‘beneficium
604 4145 619 4210 ;'
630 4150 702 4214 llnll,
714 4145 792 4212 m,
804 4155 830 4199 et
853 4150 1028 4214 eleemosynis,
1038 4150 1146 4200 ‘donis'

368 4218 409 4267 ed.
423 4222 495 4269 1519.
888 4215 899 4255 ⁷
910 4221 1014 4272 Ecclus.
1026 4221 1098 4272 xxxi.
1111 4225 1152 4271 ll.
