2896 4860
382 371 427 436 80
738 388 813 436 ruo.
835 387 984 434 rnrvnrr

380 545 463 610 driae
477 545 670 623 firmitates,
686 564 772 628 quas
788 546 824 609 in
839 544 1056 609 Normanniu
1071 550 1247 626 ceperant,
1260 544 1335 626 regi

380 644 519 728 Angliae
535 645 767 710 reddiderunt.

301 789 313 817 ο
431 745 520 811 Post
534 744 660 809 festum
678 745 714 811 S.
731 745 755 809 J
757 743 880 810 oannis
895 742 1040 809 moritur
1055 741 1252 809 Almaricus
1269 763 1332 808 rex

216 840 298 917 hie?
380 845 588 923 Jerusalem,
620 845 853 928 successitque
884 843 974 907 filius
1007 843 1083 927 ejus
1109 844 1333 908 Baldewinus

380 954 537 1028 quartus.
590 944 686 1009 Obiit
708 945 812 1009 etiarn
842 943 1043 1008 Noradinus
1071 963 1135 1008 rex
1155 943 1332 1026 Halapiae,

380 1053 416 1109 et
442 1045 609 1110 successit
634 1044 726 1108 filius
750 1044 838 1128 ejus,
863 1050 966 1109 natus
988 1064 1033 1107 ex
1055 1062 1173 1108 sorore
1197 1043 1332 1107 comitis

380 1144 414 1208 S.
433 1144 575 1226 AEgidii,
601 1164 705 1227 quam
732 1144 768 1206 in
793 1143 916 1208 itinere
943 1142 1230 1226 ierosolymitano
1253 1163 1333 1225 cap

380 1245 488 1309 tivam
515 1251 706 1327 acceperat.
760 1243 844 1326 Ipsa
870 1263 951 1307 vero
980 1251 1017 1308 et
1042 1242 1133 1306 filius
1159 1243 1246 1327 ejus,
1274 1262 1333 1306 ac-

379 1346 489 1426 ceptis
517 1344 663 1408 induciis
684 1362 706 1406 a
733 1362 814 1424 rege
837 1342 1032 1407 Jerusalem
1054 1342 1229 1425 usquead
1255 1362 1334 1424 sep·

379 1444 546 1521 tenuium,
564 1445 794 1525 promiserunt
810 1442 843 1507 ei
861 1442 1042 1525 plurimam
1059 1460 1227 1506 summam
1244 1443 1329 1515 auri.

380 1542 604 1624 Saraguntat,
632 1542 802 1607 Noradini
828 1561 947 1626 nepos,
969 1535 1111 1607 ¹occidit
1137 1541 1331 1606 amiralium

336 1699 343 1711 .
381 1641 596 1724 Babyloniae,
628 1649 700 1706 tam
736 1642 939 1724 Babyloniae
971 1660 1075 1724 quarn
1108 1639 1332 1706 Alexandriae

219 1769 308 1810 sonna
379 1742 540 1825 princeps
554 1740 677 1807 sactus.
728 1740 751 1804 J
754 1760 883 1805 oannes
899 1740 1121 1818 oxoniensis,
1142 1740 1333 1805 Saresberi-

217 1819 360 1919 ildlll'n,
381 1841 474 1905 ensis
507 1842 669 1920 decanus,
704 1840 749 1906 ad
785 1842 1023 1925 episcopatum
1058 1841 1197 1922 eligitur
1238 1840 1331 1905 Nor·

219 1920 354 1960 ⁰¹⁸⁰³¹⁰¹⁹
380 1941 574 2006 wicensem.

398 2141 423 2177 1).
437 2141 464 2177 ll.
476 2141 497 2176 l.
508 2133 552 2193 0.,
628 2140 827 2176 anonumum!
841 2140 866 2177 a.
961 2134 1137 2203 {FMBOOBUU
1173 2138 1311 2175 ABGLOBUH

1160 2194 1321 2205 ——--

410 2227 523 2262 ucuxxv.
563 2228 708 2264 amrinum
720 2228 759 2264 ru.
782 2227 919 2264 rnnnnmcr
930 2228 948 2265 1.
975 2227 1090 2263 nonomen
1101 2226 1150 2264 vu.
1171 2225 1275 2261 uenmcr
1287 2225 1316 2261 u.

819 2288 914 2333 inat.
1039 2287 1079 2333 88.
1222 2285 1265 2332 al.

203 2433 368 2482 aninum
432 2414 671 2480 Fannnamus
710 2416 909 2498 imperator,
946 2435 1023 2480 cum
1058 2433 1167 2478 uxore
1199 2432 1265 2477 sua
1296 2422 1333 2479 et

218 2503 319 2543 ‘mmm'
380 2513 508 2592 liberis,
527 2515 747 2598 maximoque
770 2516 939 2593 exercitu,
960 2516 996 2579 in
1021 2514 1161 2578 Italiam
1177 2514 1332 2591 veniens,

380 2613 515 2679 obsedit
530 2614 781 2680 Alexandriam
794 2635 803 2693 ;
832 2615 917 2679 nibil
934 2614 1129 2698 proficiens,
1146 2613 1206 2677 sed
1221 2614 1333 2678 multa

381 2714 555 2778 sustinens
581 2715 798 2779 detrimenta.
851 2713 954 2779 Circa
972 2713 1122 2789 Pascha,
1149 2712 1212 2777 filii
1237 2715 1330 2796 regis

380 2811 574 2895 Anglorum
608 2814 782 2897 pacificati
811 2822 979 2879 venerunt
1011 2813 1055 2877 ad
1088 2821 1234 2895 patrem,
1269 2815 1329 2895 qui

380 2919 515 2977 retento
539 2933 655 2977 secum
683 2914 838 2979 Henrico
861 2934 954 2998 rege,
981 2912 1169 2978 Ricardum
1190 2913 1332 2976 statrem

381 3031 480 3076 snum
506 3013 601 3078 misit
629 3014 665 3077 in
695 3011 938 3096 Aquitaniam3
970 3011 1165 3077 Galfridum
1189 3031 1271 3077 vero
1295 3013 1330 3075 in

382 3111 609 3189 Britanniam,
631 3122 889 3196 procuratorem
914 3122 1015 3178 terrae
1037 3131 1110 3176 snae
1130 3111 1330 3176 Rolandum

380 3211 423 3275 de
448 3212 564 3276 Dinan
594 3213 702 3278 eidem
730 3213 923 3295 assignans.
971 3212 1155 3276 Frederico
1184 3212 1332 3293 impera·

381 3318 458 3375 tore
484 3312 666 3377 recedente
686 3313 730 3375 ab
752 3311 981 3387 Alexandria,
1004 3318 1191 3375 tractatum
1216 3319 1270 3376 est
1289 3311 1332 3377 de

379 3431 466 3494 pace
487 3412 578 3476 inter
593 3412 766 3476 dominum
789 3431 915 3495 papam
939 3420 974 3476 et
991 3412 1116 3494 ipsum,
1137 3410 1197 3476 sed
1220 3411 1332 3476 noluit

380 3512 569 3594 imperator
585 3512 663 3594 paci
680 3511 912 3594 adquiescere,
928 3512 994 3575 nisi
1012 3512 1205 3575 dirueretur
1223 3508 1331 3575 Alex·

381 3610 513 3687 andria,
541 3612 633 3694 quod
660 3610 847 3676 Lumbardi
873 3612 986 3675 iacere
1014 3617 1209 3675 renuerunt.
1262 3611 1330 3674 Re·

382 3712 510 3775 mansit
533 3719 647 3775 autem
675 3711 922 3793 imperatorin
949 3712 1033 3775 urbe
1059 3710 1235 3792 Papiensi,
1261 3729 1329 3774 non

381 3817 523 3893 patente
554 3811 597 3886 ei,
632 3830 694 3892 pro
726 3810 839 3887 libitu,
868 3811 969 3893 copia
999 3809 1191 3874 recedendi.
1244 3806 1330 3872 Gal·

381 3909 491 3975 fridus
504 3910 576 3973 dux
594 3910 784 3973 Britanniae
803 3910 980 3974 revocavit
994 3911 1028 3973 in
1048 3909 1213 3973 ditionem
1231 3927 1329 3972 suam

382 4008 556 4073 Venetum
582 4017 617 4073 et
640 4008 883 4086 Pleasmelum,
914 4007 1022 4074 Aurei
1045 4007 1332 4091 medietatemque

424 4166 430 4195 ¹
443 4168 552 4218 ‘oceidit
563 4166 724 4217 admiralium
735 4167 895 4232 Babyloniae,
905 4174 994 4231 estque
1006 4167 1170 4217 Alexandriae
1179 4162 1195 4227 ;'
1212 4162 1281 4218 Μ.
