2896 4860
328 397 393 462 252
691 416 763 464 nro.
779 405 928 464 rnrvn‘rr

328 573 406 638 fuso
426 573 577 638 clamore
600 574 787 656 congessit,
811 581 846 639 et
863 574 962 659 jactu
985 574 1050 639 luti
1069 583 1105 638 et
1129 573 1286 658 lapidum

329 675 373 737 ad
390 675 510 737 turrim
529 675 644 755 coegit
662 675 799 738 reverti.

266 802 277 831 ι
380 773 496 854 Igitur
514 775 604 837 inter
624 793 738 854 regem
763 781 798 838 et
818 773 976 837 comitem
1001 774 1066 838 sub
1089 775 1143 838 his
1166 774 1288 840 condi-

175 853 307 982 ‘l'g‘po’w
330 873 481 937 tionibus
509 892 580 956 pax
607 873 798 938 formatur:
834 873 1006 951 videlicet,
1033 875 1133 939 utin
1163 876 1287 958 primis

330 973 505 1036 Heuricus
524 973 616 1055 regis
640 971 854 1037 Alemanniae
878 973 981 1050 filius,
1001 974 1062 1056 qui
1089 981 1172 1038 tunc
1191 975 1285 1057 parti

329 1074 465 1137 comitis
497 1081 619 1138 contra
657 1092 770 1154 regern
802 1072 982 1138 adhaerens
1014 1081 1138 1157 captus
1174 1085 1211 1139 et
1247 1075 1285 1139 in

329 1172 487 1237 custodia
510 1173 670 1238 detentus
691 1173 816 1250 fuerat,
838 1172 1062 1253 liberaretur;
1095 1173 1218 1258 deinde
1243 1183 1286 1240 ut

330 1281 445 1336 castra
465 1274 556 1356 regis
579 1272 695 1337 omnia
712 1292 774 1355 per
796 1279 907 1337 totam
927 1272 1092 1355 Angliam
1111 1274 1284 1338 baronum

330 1371 495 1436 custodiae
522 1373 760 1452 traderentur;
788 1373 871 1436 item
899 1379 940 1436 ut
965 1371 1185 1438 provisiones
1210 1374 1287 1438 Ox-

331 1473 421 1536 oniae
445 1473 688 1537 inviolabiliter
716 1479 948 1549 servarentur,
975 1482 1012 1537 et
1041 1473 1132 1555 quod
1162 1493 1285 1539 omnes

330 1572 533 1653 alienigenae
562 1573 653 1635 infra
685 1580 816 1636 certum
855 1581 991 1655 tempus
1020 1592 1164 1655 regnum
1200 1592 1286 1639 eva·

330 1682 483 1747 cuarent,
508 1673 664 1755 exceptis
686 1672 740 1735 his
766 1690 911 1754 quornm
937 1692 1068 1737 moram
1097 1673 1215 1738 fideles
1241 1674 1286 1738 de

243 1798 246 1803 ·
332 1791 451 1853 regno,
473 1791 615 1836 assensn
643 1772 809 1847 unanimi,
833 1779 1077 1855 acceptarent3
1108 1779 1284 1856 postremo

331 1887 370 1936 ut
388 1871 571 1954 indigenae,
588 1892 695 1954 regno
713 1872 831 1936 fideles
846 1879 882 1937 et
897 1872 1011 1947 utiles,
1028 1875 1169 1954 negotia
1182 1875 1282 1956 regni

330 1971 373 2034 de
398 1979 513 2036 cetero
538 1974 603 2035 suh
630 1991 711 2055 rege
737 1972 968 2055 disponerent.
1030 1971 1110 2049 Sed,
1136 1973 1190 2039 his
1213 1993 1284 2038 non

331 2073 561 2148 obstantibus,
589 2072 714 2136 milites
742 2071 881 2154 quidam
905 2071 947 2136 de
970 2080 1069 2155 parte
1090 2075 1183 2156 regis
1205 2092 1284 2138 cas·

331 2179 421 2235 trum
457 2171 500 2235 de
532 2171 750 2236 Windelsore
780 2172 987 2236 victualibus
1022 2172 1222 2238 munierunt
1248 2183 1284 2240 et

330 2273 446 2335 armis.
500 2271 691 2336 Edwardns
715 2291 798 2336 vero
825 2271 916 2336 filius
941 2272 1033 2354 regis
1058 2272 1102 2336 ad
1127 2282 1284 2339 castrum

333 2370 488 2435 Bristolli
508 2372 616 2449 venit,
638 2373 697 2436 ubi
717 2372 809 2436 inter
830 2372 956 2436 milites
977 2390 1059 2437 suos
1078 2378 1113 2437 et
1133 2374 1284 2440 villanos

331 2473 474 2535 suborta
501 2471 683 2549 discordia,
718 2472 888 2537 avertitur
928 2473 972 2536 ab
1006 2491 1047 2537 eo
1082 2473 1177 2551 villa,
1208 2475 1285 2559 jam

331 2590 459 2654 parans
480 2572 693 2636 obsidionem
715 2591 843 2654 ponere
870 2572 963 2636 circa
985 2579 1160 2653 castrum
1191 2574 1285 2658 quod

331 2671 514 2736 advertens
539 2672 740 2748 Edwardus‚
768 2671 976 2751 Walternm,
1005 2672 1285 2754 Wigornieusem

331 2774 543 2854 episcopum,
569 2773 628 2855 qui
650 2781 783 2855 partem
808 2773 975 2836 baronum
1000 2771 1096 2849 fovit,
1123 2775 1285 2840 accersiri

331 2872 424 2949 fecit,
447 2880 487 2936 ut
511 2873 548 2935 in
570 2874 645 2956 eJus
671 2872 843 2936 conductu
868 2872 978 2954 patris
1004 2872 1135 2937 curiam
1158 2874 1284 2954 adiret,

331 2972 504 3054 spondens
529 2991 566 3036 se
591 2973 680 3056 patri
700 2980 735 3037 et
754 2972 830 3057 ejus
852 2972 996 3039 consilio
1016 2991 1059 3036 ea
1082 2992 1161 3056 quae
1187 2975 1284 3058 pacis

332 3080 430 3136 erant
456 3071 639 3137 efficaciter
661 3072 816 3137 suadere.
870 3072 1050 3137 Profectus
1076 3073 1183 3155 igitur
1206 3094 1284 3140 curn

332 3173 507 3256 episcopo,
531 3192 607 3236 cum
640 3174 934 3257 appropinquaret
967 3182 1083 3238 castro
1112 3174 1156 3238 de
1184 3175 1284 3241 Win-

332 3272 478 3351 delsore,
510 3272 684 3354 ingressus
719 3282 773 3337 est
810 3273 920 3349 illud;
962 3273 1054 3356 quod
1085 3284 1284 3359 suspectum

269 3355 274 3366 ’
332 3372 462 3437 habens
493 3374 677 3456 episcopus
712 3373 803 3438 male
835 3373 926 3437 tulit.
1006 3373 1133 3439 Comiti
1165 3380 1282 3441 tanim

331 3471 474 3556 Symoni
499 3492 576 3537 curn
603 3474 668 3537 sibi
691 3473 958 3551 adhaerentibus,
988 3474 1183 3539 volentibus
1207 3494 1283 3541 cas·

332 3582 422 3637 trum
452 3574 621 3651 obsidere,
652 3575 802 3638 occurrit
829 3573 1021 3638 Edwardus
1045 3575 1144 3657 quasi
1171 3576 1284 3642 media

330 3674 400 3751 via,
426 3676 518 3738 circa
551 3675 669 3738 villain
700 3675 743 3738 de
773 3672 983 3756 Kingeston,
1013 3674 1109 3757 pacis
1137 3675 1284 3741 offerens

330 3877 477 3926 Provisions
500 3876 530 3926 oi
550 3875 657 3927 Oxlord.
697 3876 791 3928 Chron.
818 3876 895 3938 bably
918 3877 1029 3939 through
1054 3877 1134 3927 dread
1160 3877 1192 3927 oi
1216 3885 1284 3930 tres·

329 3947 472 3995 Duustable
495 3962 565 4008 says,
584 3946 639 3996 that
658 3948 732 3996 vvhen
749 3947 792 3996 the
817 3942 919 4015 ehery),
939 3948 990 3997 and
1012 3949 1068 3997 that
1085 3947 1130 3998 she
1150 3963 1206 3999 vm
1226 3964 1285 4000 eon·

329 4031 410 4077 queen
430 4031 485 4065 was
504 4017 592 4066 driven
613 4017 678 4066 bach
697 4017 792 4079 hythe
816 4018 911 4067 ducted
938 4023 964 4066 to
995 4016 1038 4068 the
1067 4014 1179 4081 bishop’s
1205 4019 1284 4070 house

330 4088 396 4147 mob,
408 4088 483 4150 being
495 4088 600 4136 rescusd
613 4087 697 4149 hythe
706 4102 793 4148 mayor
817 4093 844 4137 at
871 4089 908 4137 St.
934 4083 1041 4146 Paul’s;
1070 4088 1164 4140 Chron.
1189 4090 1284 4141 Duust.

329 4158 358 4205 os
377 4158 487 4219 london,
505 4159 547 4206 the
566 4158 628 4220 king
645 4157 747 4208 refused
767 4164 792 4206 to
818 4174 843 4221 p.
866 4162 922 4207 ³⁵7.
972 4153 1051 4220 D’A,
1082 4160 1209 4223 however,
1237 4160 1283 4211 hu

329 4228 408 4276 admit
419 4228 464 4277 her
471 4228 560 4277 within
567 4229 610 4278 the
620 4228 711 4278 Tower
720 4224 792 4295 (pro
817 4224 908 4279 ‘eum.'
