2896 4860
526 414 704 461 susanna.
1071 402 1093 465 3
1148 424 1153 449 ⁴

140 570 324 634 comitibus
340 591 438 635 suam
459 580 640 637 traxerunt
657 572 836 653 originem,
858 592 1002 655 quornm
1024 577 1093 657 pri-

140 690 217 734 mus
233 678 309 734 erat
328 671 504 735 Henricus
523 672 705 750 secunduS,
721 673 828 756 juxta
841 676 1090 739 successionem

139 778 333 854 temporum
356 771 400 835 ad
425 779 579 835 nostram
605 781 742 836 aetatem
766 773 962 837 curavimus
984 794 1091 840 anno·

140 878 227 935 tare.
285 870 493 953 Quanquam
526 879 642 936 autem
673 872 765 936 circa
798 892 852 937 res
885 872 1090 956 Anglicanae

140 970 254 1053 gentis
274 971 509 1054 principaliter
526 979 647 1036 nostra
668 979 825 1037 versetur
840 973 1000 1051 intentio,
1022 974 1091 1039 Ro

140 1090 320 1134 manorum
361 1079 475 1135 tamen
517 1071 717 1154 pontificum
755 1090 797 1135 ac
831 1073 1090 1155 imperatorum,

140 1190 329 1254 regumque
367 1171 592 1248 Francorum,
623 1172 906 1254 quorundamque
945 1173 1089 1237 aliorum

140 1269 295 1354 praelatis
318 1278 682 1354 contemporaneorum
708 1272 846 1352 regibus
869 1279 949 1336 acta
963 1292 1091 1337 memo-

139 1370 275 1447 rabilia,
305 1390 382 1453 quae
411 1371 455 1434 ad
480 1378 634 1436 nostram
667 1379 898 1453 pervenerunt
921 1372 1091 1448 notitiam,

140 1477 324 1535 annectere
353 1491 422 1535 non
454 1473 644 1546 omisimus,
673 1471 843 1535 communi
874 1472 1091 1538 intendentes

140 1591 202 1655 per
219 1570 286 1634 hoc
303 1571 446 1636 utilitati
457 1571 604 1656 amplius
621 1571 805 1636 deservire.

191 1669 354 1749 Quatuor
378 1679 494 1736 autem
521 1672 557 1735 in
588 1691 750 1754 supremo
779 1665 908 1753 ¹operis
935 1672 1090 1754 margine

141 1770 302 1854 ponimus
335 1772 467 1836 titulos.
519 1771 676 1851 Quorum
705 1772 836 1853 primns
866 1778 920 1835 est
952 1771 1092 1837 Domini

141 1871 252 1935 nostri
267 1870 363 1940 Jnsn
383 1871 535 1950 Christi;
557 1871 728 1936 secundus
745 1871 994 1950 Romanorum,
1010 1880 1091 1937 ante

141 1971 242 2055 cnjus
269 1970 474 2055 principium
501 1972 664 2035 scribitur
691 1971 809 2035 littera
838 1971 881 2048 P,
906 1971 1093 2054 designans

142 2071 335 2154 pontifices,
362 2078 443 2155 post
465 2071 567 2135 finem
591 2091 674 2137 vero
700 2071 817 2136 littera
839 2070 885 2148 R,
907 2071 1092 2153 designans

143 2190 265 2255 reges3
295 2173 419 2236 tertius
446 2172 568 2236 titulus
590 2178 645 2235 est
669 2172 905 2251 Francorum
936 2165 1093 2254 ²quartus

144 2270 361 2355 Anglorum3
387 2272 511 2355 quibus
528 2271 797 2354 correspondent
811 2273 962 2355 quinque
975 2293 1094 2337 nume·

144 2390 261 2437 rorum
288 2373 406 2450 series,
433 2390 511 2455 quae
543 2371 689 2453 singulis
721 2372 978 2454 praemittuntur
1001 2372 1093 2455 capi-

144 2472 239 2551 tulis,
260 2473 311 2537 ita
328 2479 371 2536 ut
390 2471 541 2536 meando
559 2472 660 2537 titulo
680 2472 757 2536 duae
773 2465 904 2549 series³‚
921 2491 991 2535 nna
1008 2493 1094 2555 pon·

146 2573 274 2637 ufiaum
291 2573 413 2637 atalia
428 2591 560 2653 regum,
577 2571 817 2655 respondeant.
870 2572 941 2635 Sub
955 2572 1095 2654 reliquis

145 2673 383 2755 verosingulae
396 2681 798 2755 ponunturnumerorum
809 2672 931 2750 series;
949 2691 1094 2755 quarum

146 2776 257 2856 prima
282 2790 373 2838 anno
396 2771 537 2837 Domini
560 2773 669 2837 nostri
692 2771 716 2836 J
720 2787 786 2836 ssu
808 2772 950 2848 Christi,
970 2779 1097 2856 quarta

150 2874 373 2952 Francorum,
388 2875 513 2957 quinta
531 2873 725 2955 Anglorum
743 2891 864 2953 regum
882 2873 1095 2955 temporibus

147 2982 363 3058 coaptantur.
426 2974 513 3039 Cum
545 2980 660 3037 antem
690 2973 725 3036 in
756 2973 844 3036 serie
876 2992 994 3052 regum
1024 2971 1097 3037 Ro·

148 3095 326 3139 manorum
348 3074 417 3139 duo
439 3068 583 3138 ⁴numeri
601 3074 792 3154 signentur,
812 3072 968 3154 superior
986 3091 1096 3137 annos

148 3174 309 3257 designat
334 3173 479 3256 imperii,
506 3172 647 3237 inferior
672 3190 754 3236 vero
779 3171 890 3253 regni.
956 3169 1096 3236 Annum

148 3292 230 3339 vero
246 3274 354 3358 juxta
369 3292 496 3339 morem
516 3272 665 3338 Romani
682 3271 869 3335 calendarii
887 3290 909 3335 a
929 3271 1097 3355 principio

148 3374 170 3439 J
173 3375 307 3440 aunarii
322 3367 546 3440 euordimnr.⁶

185 3603 194 3637 ¹
205 3607 335 3669 ‘margine
348 3605 426 3668 hujus
437 3603 521 3666 operis
531 3599 546 3666 ;'
563 3603 610 3653 Ar.
636 3604 760 3684 apparent
768 3600 939 3683 inaccurscies
946 3600 972 3649 in
979 3614 1102 3662 passages

184 3688 276 3810 :10²³
292 3693 331 3742 Μ·
637 3670 1102 3802 sustinuissemus

189 3794 360 3896 “wll'’
411 3793 432 3828 ¹⁹·
482 3865 488 3876 ‚
642 3811 1048 3893 mammaemammal,
1074 3823 1103 3858 or

225 3871 613 3926 mlemfflmfssfflfflrqlfflmm
640 3881 711 3930 other
741 3887 935 3943 computatione,
963 3895 992 3931 or
1019 3881 1103 3928 whose

153 3952 220 3987 Μ’
231 3937 368 3999 imminu
379 3937 458 3985 ‘mu‘
466 3930 481 3995 i'
499 3933 547 3983 Ar·
641 3951 945 4014 writings'l'rivetusmay
955 3951 1019 4000 have
1031 3950 1104 3999 made

187 4023 275 4074 ‘'lbis
293 4024 348 4073 will
366 4027 475 4073 aocouut
489 4020 528 4070 t'or
547 4034 615 4070 some
643 4036 688 4070 use
700 4020 729 4070 ol
737 4021 812 4071 inhia
823 4022 994 4084 compilation.
