2896 4860
568 433 751 483 ANNALES·

210 612 341 650 nacae.
432 616 669 653 nnouauoanua.
728 606 733 828 Ι
763 618 915 654 rnauooauu
944 601 1133 835 *pauciorum

208 700 332 739 noexxvr.
372 672 535 739 Mn.
555 703 686 740 rasusarcr
697 704 726 741 11.
754 704 932 743 conovretvur.
950 674 1117 745 effloruit.

825 765 850 810 3.
1021 768 1060 813 ltl.

238 893 439 959 Horremus
477 913 570 978 papa
608 895 763 973 moritur,
802 902 837 959 et
872 893 908 959 in
945 895 981 961 S.
1009 895 1248 960 Mariana-oa

182 988 340 1080 ¹majoris
372 994 516 1060 ecclesia
548 994 723 1079 sepelitur.
792 994 862 1060 Hic
892 995 1133 1078 imperatorem
1146 964 1253 1054 iiif¹⁰¹¹⁰⁸

182 1094 414 1172 Fredericum,
453 1114 555 1178 quem
594 1103 831 1173 coronaverat,
869 1096 934 1159 sibi
974 1095 1133 1160 rebellem

180 1195 406 1278 comperiens,
435 1203 472 1259 et
500 1194 654 1260 ecclesio
683 1194 854 1259 Romanae
884 1195 1132 1274 adversarium,

181 1294 545 1372 anathematizaverat,
571 1300 606 1358 et
628 1294 673 1358 ab
699 1295 774 1379 ejus
799 1295 965 1361 fidelitate
987 1297 1134 1362 barones

181 1394 390 1459 absolverat.
439 1393 533 1458 Huic
546 1395 714 1459 successit
730 1395 943 1478 Hugolinus,
962 1395 1133 1461 Ostiensis

180 1494 376 1577 episcopus,
390 1493 482 1578 apud
500 1494 722 1576 Septisolium
736 1495 878 1574 electus,
892 1504 928 1560 et
942 1495 1133 1580 Gregorius

181 1592 258 1659 lx.
292 1601 445 1658 vocatus.
509 1593 659 1658 Moritur
691 1595 885 1661 Lodovicns
920 1597 1132 1660 Francorum
1145 1615 1285 1656 anastatus

180 1714 258 1772 rex,
280 1701 317 1759 et
333 1693 500 1759 successit
520 1694 629 1758 eidem
655 1694 747 1759 lilius
768 1695 844 1779 ejns
870 1696 905 1758 S.
924 1665 1266 1774 Lodovicus,llrf³¹⁰⁸⁰¹'

180 1801 367 1860 coronatus
381 1794 417 1858 in
439 1813 555 1875 regem
577 1812 655 1858 cum
675 1801 767 1858 esset
782 1813 949 1858 annorum
967 1803 1132 1878 quatuor-

179 1894 303 1960 decim.
380 1893 531 1958 Moritur
561 1892 758 1957 Willelmus
795 1893 838 1957 de
877 1888 1247 1977 Longa-spata²o0·n01

179 1994 325 2078 primus,
340 1994 399 2077 qui
415 2012 492 2056 cum
507 1999 599 2057 esset
615 1992 704 2057 filius
721 1992 812 2074 regis
831 1992 976 2056 Heurici
992 1995 1133 2059 secundi
1145 1965 1265 2062 illidii

180 2094 320 2171 nothus,
354 2094 502 2157 donante
534 2092 685 2156 Ricardo
716 2093 818 2156 duxit
846 2111 990 2156 uxorem
1019 2093 1132 2171 Elam,

179 2193 288 2258 filiam
307 2201 343 2259 et
362 2192 521 2257 heredem
543 2191 708 2256 Willelmi
736 2192 872 2256 comitis
897 2193 1132 2257 Saresberien·

178 2294 252 2374 sis;
275 2313 320 2359 ex
346 2312 416 2377 qua
443 2293 562 2374 genuit
584 2291 795 2356 Willelmum
823 2293 866 2356 de
892 2292 1133 2375 Longa-spata

173 2394 362 2479 juniorem,
399 2400 434 2458 et
465 2391 649 2457 Nicolaum
684 2400 807 2474 postea
838 2391 1130 2456 Saresberiensem

179 2494 395 2578 episcopum.
447 2492 518 2556 Hic
550 2491 744 2557 Willelmus
774 2493 810 2556 in
842 2491 987 2556 ecclesia
1017 2492 1132 2557 Saros-

179 2594 330 2659 beriensi
348 2599 403 2657 est
419 2592 584 2675 sepultus.
638 2591 734 2656 Obiit
751 2591 870 2658 eodem
887 2611 980 2656 anno
999 2592 1131 2675 episco-

179 2712 247 2777 pus
264 2693 424 2770 Eliensis,
442 2692 497 2756 cui
517 2710 702 2774 germanus
722 2692 905 2776 justitiarii
925 2692 1073 2756 Huberti
1089 2692 1131 2755 de

179 2794 301 2876 Burgo
316 2792 494 2857 successit.

228 2894 361 2959 Beatus
389 2890 606 2968 Franciscus,
638 2900 718 2975 post
748 2892 899 2956 diutinos
931 2892 1012 2955 vitae
1043 2910 1130 2973 prae-
1143 2912 1246 2953 naua

179 2995 289 3059 sentis
305 2993 451 3068 laborat,
468 2991 590 3056 solutis
608 2992 721 3056 carnis
741 2991 896 3068 vinculis,
914 2991 957 3054 ad
975 2990 1131 3055 coelestia
1143 2964 1173 3003 ⁸²
1184 2963 1274 3004 ''md'‘

176 3112 286 3176 regna
298 3092 483 3175 migravit3
508 3091 606 3175 cujus
622 3092 771 3156 animam
789 3109 877 3153 unus
893 3110 938 3154 ex
955 3089 1130 3169 fratribus,

177 3194 271 3259 lunae
302 3210 498 3257 mensuram
535 3190 716 3255 habentem
753 3198 788 3255 et
816 3191 917 3273 quasi
948 3191 1031 3254 solis
1061 3210 1129 3255 non

178 3293 349 3365 modicam
380 3291 584 3367 claritatem,
616 3290 696 3356 coeli
727 3298 861 3355 secreta
893 3297 1130 3372 penetrantem

178 3393 352 3479 adspexit.
420 3390 605 3456 Discordia
636 3398 712 3454 orta
744 3397 797 3454 est
828 3391 918 3453 inter
947 3409 1062 3471 regem
1094 3399 1130 3454 et

178 3496 326 3561 barones
362 3498 503 3575 propter
540 3489 736 3555 Hubertnm
775 3489 817 3553 de
858 3490 988 3572 Burgo,
1028 3509 1129 3573 quern

178 3597 325 3661 barones
349 3592 394 3657 ab
419 3589 531 3656 officio
560 3589 719 3674 dejicere,
748 3608 828 3671 rege
861 3589 1129 3667 contradicente,

178 3695 352 3760 volebant.
405 3691 581 3757 Henricus
603 3690 700 3754 fratri
723 3707 787 3752 suo
810 3688 962 3753 Ricardo
985 3691 1020 3753 in
1037 3689 1129 3754 Vas·

179 3795 278 3859 conia
301 3793 464 3870 moranti,
490 3791 698 3873 quingentos
726 3789 916 3853 transmisit
939 3789 1129 3867 Walenses,

212 4050 360 4117 '‘maJoris
371 4047 394 4114 3’
413 4054 526 4115 wanting
548 4053 575 4100 in
598 4052 636 4101 M.
665 4051 706 4100 the
730 4050 782 4099 earl
804 4050 855 4098 had
876 4051 938 4099 been
957 4050 1078 4111 poisoned
1095 4051 1129 4110 by

181 4123 229 4172 and
240 4122 287 4172 Ar.
667 4121 708 4171 the
716 4121 862 4182 justiciary,
872 4119 972 4168 Hubert
984 4119 1016 4169 de
1025 4120 1129 4181 Borgh3

215 4190 323 4243 'Tberc
335 4207 389 4242 was
406 4208 422 4241 a
440 4192 568 4254 suspicion
587 4192 642 4240 that
669 4192 732 4253 llog.
745 4190 836 4239 Wend.
848 4191 882 4239 iv.
896 4192 951 4237 11⁷.
