<?xml version="1.0" encoding="UTF-8"?>
<!DOCTYPE html PUBLIC "-//W3C//DTD XHTML 1.0 Transitional//EN"
    "http://www.w3.org/TR/xhtml1/DTD/xhtml1-transitional.dtd">
<html xmlns="http://www.w3.org/1999/xhtml" xml:lang="en" lang="en">
 <head>
  <title>
</title>
<meta http-equiv="Content-Type" content="text/html;charset=utf-8" />
  <meta name='ocr-system' content='tesseract 3.04.00' />
  <meta name='ocr-capabilities' content='ocr_page ocr_carea ocr_par ocr_line ocrx_word'/>
</head>
<body>
  <div class='ocr_page' id='page_1' title='image "./fnicholaitrivet01trivgoog_0299.png"; bbox 0 0 2896 4860; ppageno 0'>
   <div class='ocr_carea' id='block_1_1' title="bbox 705 393 940 442">
    <p class='ocr_par' dir='ltr' id='par_1_1' title="bbox 705 393 940 442">
     <span class='ocr_line' id='line_1_1' title="bbox 705 393 940 442; baseline -0.009 -1"><span class='ocrx_word' id='word_1_1' title='bbox 705 394 779 442; x_wconf 74' lang='lat' dir='ltr'><strong>Nic.</strong></span> <span class='ocrx_word' id='word_1_2' title='bbox 794 393 940 441; x_wconf 75' lang='lat' dir='ltr'><strong>&#39;l&#39;lllVE&#39;l&#39;l</strong></span> 
     </span>
    </p>
   </div>
   <div class='ocr_carea' id='block_1_2' title="bbox 181 850 1316 3631">
    <p class='ocr_par' dir='ltr' id='par_1_2' title="bbox 181 850 1316 3631">
     <span class='ocr_line' id='line_1_2' title="bbox 393 850 1291 934; baseline 0 -14"><span class='ocrx_word' id='word_1_3' title='bbox 393 850 584 920; x_wconf 74' lang='lat' dir='ltr'><strong>¹Cnsraunt</strong></span> <span class='ocrx_word' id='word_1_4' title='bbox 608 856 771 920; x_wconf 85' lang='lat' dir='ltr'><strong>Dovoriae</strong></span> <span class='ocrx_word' id='word_1_5' title='bbox 791 855 961 919; x_wconf 88' lang='lat' dir='ltr'><strong>redditum</strong></span> <span class='ocrx_word' id='word_1_6' title='bbox 980 863 1033 920; x_wconf 89' lang='lat' dir='ltr'><strong>cst</strong></span> <span class='ocrx_word' id='word_1_7' title='bbox 1049 854 1232 934; x_wconf 79' lang='lat' dir='ltr'><strong>Eduardo,</strong></span> <span class='ocrx_word' id='word_1_8' title='bbox 1257 858 1291 920; x_wconf 94' lang='lat' dir='ltr'><strong>in</strong></span> 
     </span>
     <span class='ocr_line' id='line_1_3' title="bbox 342 954 1292 1038; baseline 0.003 -20"><span class='ocrx_word' id='word_1_9' title='bbox 342 956 432 1038; x_wconf 91' lang='lat' dir='ltr'><strong>quod</strong></span> <span class='ocrx_word' id='word_1_10' title='bbox 467 955 661 1021; x_wconf 92' lang='lat' dir='ltr'><strong>Guidonem</strong></span> <span class='ocrx_word' id='word_1_11' title='bbox 691 954 732 1019; x_wconf 92' lang='lat' dir='ltr'><strong>de</strong></span> <span class='ocrx_word' id='word_1_12' title='bbox 767 954 988 1019; x_wconf 87' lang='lat' dir='ltr'><strong>Monte-forti</strong></span> <span class='ocrx_word' id='word_1_13' title='bbox 1018 956 1195 1021; x_wconf 80' lang='lat' dir='ltr'><strong>transtulit</strong></span> <span class='ocrx_word' id='word_1_14' title='bbox 1227 958 1292 1021; x_wconf 89' lang='lat' dir='ltr'><strong>sub</strong></span> 
     </span>
     <span class='ocr_line' id='line_1_4' title="bbox 181 1054 1292 1135; baseline 0.005 -19"><span class='ocrx_word' id='word_1_15' title='bbox 181 1075 301 1116; x_wconf 64' lang='lat' dir='ltr'><strong>amena</strong></span> <span class='ocrx_word' id='word_1_16' title='bbox 342 1056 499 1119; x_wconf 88' lang='lat' dir='ltr'><strong>custodia</strong></span> <span class='ocrx_word' id='word_1_17' title='bbox 515 1055 746 1120; x_wconf 89' lang='lat' dir='ltr'><strong>detinendum.</strong></span> <span class='ocrx_word' id='word_1_18' title='bbox 787 1054 984 1119; x_wconf 84' lang='lat' dir='ltr'><strong>Ottobonus</strong></span> <span class='ocrx_word' id='word_1_19' title='bbox 1001 1055 1149 1135; x_wconf 84' lang='lat' dir='ltr'><strong>legatus,</strong></span> <span class='ocrx_word' id='word_1_20' title='bbox 1166 1065 1292 1121; x_wconf 89' lang='lat' dir='ltr'><strong>vocato</strong></span> 
     </span>
     <span class='ocr_line' id='line_1_5' title="bbox 182 1127 1316 1237; baseline 0.004 -20"><span class='ocrx_word' id='word_1_21' title='bbox 182 1127 309 1217; x_wconf 48' lang='lat' dir='ltr'><strong>apamea</strong></span> <span class='ocrx_word' id='word_1_22' title='bbox 340 1155 487 1219; x_wconf 91' lang='lat' dir='ltr'><strong>concilio</strong></span> <span class='ocrx_word' id='word_1_23' title='bbox 509 1155 601 1237; x_wconf 89' lang='lat' dir='ltr'><strong>apud</strong></span> <span class='ocrx_word' id='word_1_24' title='bbox 629 1154 966 1237; x_wconf 90' lang='lat' dir='ltr'><strong>Northamptoniam,</strong></span> <span class='ocrx_word' id='word_1_25' title='bbox 996 1155 1201 1220; x_wconf 88' lang='lat' dir='ltr'><strong>sententiam</strong></span> <span class='ocrx_word' id='word_1_26' title='bbox 1231 1176 1316 1229; x_wconf 71' lang='lat' dir='ltr'><strong>ex-,</strong></span> 
     </span>
     <span class='ocr_line' id='line_1_6' title="bbox 340 1254 1290 1337; baseline 0.002 -19"><span class='ocrx_word' id='word_1_27' title='bbox 340 1255 659 1319; x_wconf 82' lang='lat' dir='ltr'><strong>communicationis</strong></span> <span class='ocrx_word' id='word_1_28' title='bbox 676 1255 756 1318; x_wconf 93' lang='lat' dir='ltr'><strong>tulit</strong></span> <span class='ocrx_word' id='word_1_29' title='bbox 777 1254 812 1316; x_wconf 92' lang='lat' dir='ltr'><strong>in</strong></span> <span class='ocrx_word' id='word_1_30' title='bbox 832 1274 951 1319; x_wconf 89' lang='lat' dir='ltr'><strong>omnes</strong></span> <span class='ocrx_word' id='word_1_31' title='bbox 973 1255 1153 1337; x_wconf 91' lang='lat' dir='ltr'><strong>episcopos</strong></span> <span class='ocrx_word' id='word_1_32' title='bbox 1173 1262 1208 1318; x_wconf 92' lang='lat' dir='ltr'><strong>et</strong></span> <span class='ocrx_word' id='word_1_33' title='bbox 1224 1256 1290 1320; x_wconf 90' lang='lat' dir='ltr'><strong>cle-</strong></span> 
     </span>
     <span class='ocr_line' id='line_1_7' title="bbox 341 1353 1289 1438; baseline 0.003 -21"><span class='ocrx_word' id='word_1_34' title='bbox 341 1355 443 1430; x_wconf 90' lang='lat' dir='ltr'><strong>ricos,</strong></span> <span class='ocrx_word' id='word_1_35' title='bbox 468 1357 528 1438; x_wconf 93' lang='lat' dir='ltr'><strong>qui</strong></span> <span class='ocrx_word' id='word_1_36' title='bbox 551 1354 668 1418; x_wconf 89' lang='lat' dir='ltr'><strong>comiti</strong></span> <span class='ocrx_word' id='word_1_37' title='bbox 695 1353 837 1437; x_wconf 88' lang='lat' dir='ltr'><strong>Symoni</strong></span> <span class='ocrx_word' id='word_1_38' title='bbox 867 1362 988 1417; x_wconf 89' lang='lat' dir='ltr'><strong>contra</strong></span> <span class='ocrx_word' id='word_1_39' title='bbox 1010 1374 1125 1435; x_wconf 85' lang='lat' dir='ltr'><strong>regem</strong></span> <span class='ocrx_word' id='word_1_40' title='bbox 1154 1357 1289 1438; x_wconf 82' lang='lat' dir='ltr'><strong>praesti·</strong></span> 
     </span>
     <span class='ocr_line' id='line_1_8' title="bbox 342 1453 1289 1534; baseline 0.003 -18"><span class='ocrx_word' id='word_1_41' title='bbox 342 1460 455 1518; x_wconf 88' lang='lat' dir='ltr'><strong>terant</strong></span> <span class='ocrx_word' id='word_1_42' title='bbox 482 1455 650 1518; x_wconf 81' lang='lat' dir='ltr'><strong>auxilium</strong></span> <span class='ocrx_word' id='word_1_43' title='bbox 676 1462 736 1518; x_wconf 88' lang='lat' dir='ltr'><strong>aut</strong></span> <span class='ocrx_word' id='word_1_44' title='bbox 759 1453 935 1534; x_wconf 88' lang='lat' dir='ltr'><strong>favorem;</strong></span> <span class='ocrx_word' id='word_1_45' title='bbox 968 1462 1004 1518; x_wconf 91' lang='lat' dir='ltr'><strong>et</strong></span> <span class='ocrx_word' id='word_1_46' title='bbox 1029 1455 1231 1518; x_wconf 89' lang='lat' dir='ltr'><strong>nominatim</strong></span> <span class='ocrx_word' id='word_1_47' title='bbox 1253 1456 1289 1519; x_wconf 93' lang='lat' dir='ltr'><strong>in</strong></span> 
     </span>
     <span class='ocr_line' id='line_1_9' title="bbox 340 1552 1289 1635; baseline 0.001 -18"><span class='ocrx_word' id='word_1_48' title='bbox 340 1552 511 1618; x_wconf 84' lang='lat' dir='ltr'><strong>Joannem</strong></span> <span class='ocrx_word' id='word_1_49' title='bbox 536 1553 821 1631; x_wconf 80' lang='lat' dir='ltr'><strong>wintoniensem,</strong></span> <span class='ocrx_word' id='word_1_50' title='bbox 844 1552 1038 1617; x_wconf 90' lang='lat' dir='ltr'><strong>Walterum</strong></span> <span class='ocrx_word' id='word_1_51' title='bbox 1069 1553 1289 1635; x_wconf 84' lang='lat' dir='ltr'><strong>wigornien-</strong></span> 
     </span>
     <span class='ocr_line' id='line_1_10' title="bbox 340 1652 1290 1735; baseline 0.004 -20"><span class='ocrx_word' id='word_1_52' title='bbox 340 1672 425 1731; x_wconf 87' lang='lat' dir='ltr'><strong>sem,</strong></span> <span class='ocrx_word' id='word_1_53' title='bbox 437 1653 627 1717; x_wconf 87' lang='lat' dir='ltr'><strong>Henricum</strong></span> <span class='ocrx_word' id='word_1_54' title='bbox 646 1653 931 1729; x_wconf 89' lang='lat' dir='ltr'><strong>Londoniensem,</strong></span> <span class='ocrx_word' id='word_1_55' title='bbox 948 1652 1159 1735; x_wconf 84' lang='lat' dir='ltr'><strong>Stephanum</strong></span> <span class='ocrx_word' id='word_1_56' title='bbox 1173 1654 1290 1719; x_wconf 90' lang='lat' dir='ltr'><strong>Cices·</strong></span> 
     </span>
     <span class='ocr_line' id='line_1_11' title="bbox 340 1747 1290 1836; baseline 0.005 -22"><span class='ocrx_word' id='word_1_57' title='bbox 340 1759 505 1833; x_wconf 83' lang='lat' dir='ltr'><strong>trensem3</strong></span> <span class='ocrx_word' id='word_1_58' title='bbox 529 1753 572 1817; x_wconf 89' lang='lat' dir='ltr'><strong>de</strong></span> <span class='ocrx_word' id='word_1_59' title='bbox 589 1753 714 1835; x_wconf 91' lang='lat' dir='ltr'><strong>quibus</strong></span> <span class='ocrx_word' id='word_1_60' title='bbox 727 1747 1000 1834; x_wconf 78' lang='lat' dir='ltr'><strong>²Wigorniensis</strong></span> <span class='ocrx_word' id='word_1_61' title='bbox 1017 1754 1086 1818; x_wconf 91' lang='lat' dir='ltr'><strong>cito</strong></span> <span class='ocrx_word' id='word_1_62' title='bbox 1109 1761 1188 1836; x_wconf 91' lang='lat' dir='ltr'><strong>post</strong></span> <span class='ocrx_word' id='word_1_63' title='bbox 1205 1756 1290 1820; x_wconf 93' lang='lat' dir='ltr'><strong>obiit</strong></span> 
     </span>
     <span class='ocr_line' id='line_1_12' title="bbox 340 1844 1289 1938; baseline 0.004 -24"><span class='ocrx_word' id='word_1_64' title='bbox 340 1844 456 1917; x_wconf 88' lang='lat' dir='ltr'><strong>³sexto</strong></span> <span class='ocrx_word' id='word_1_65' title='bbox 484 1872 593 1916; x_wconf 90' lang='lat' dir='ltr'><strong>nonas</strong></span> <span class='ocrx_word' id='word_1_66' title='bbox 622 1852 813 1930; x_wconf 85' lang='lat' dir='ltr'><strong>Februarii,</strong></span> <span class='ocrx_word' id='word_1_67' title='bbox 841 1853 894 1916; x_wconf 89' lang='lat' dir='ltr'><strong>cni</strong></span> <span class='ocrx_word' id='word_1_68' title='bbox 920 1853 1088 1917; x_wconf 90' lang='lat' dir='ltr'><strong>Nicolaus</strong></span> <span class='ocrx_word' id='word_1_69' title='bbox 1111 1853 1153 1918; x_wconf 90' lang='lat' dir='ltr'><strong>de</strong></span> <span class='ocrx_word' id='word_1_70' title='bbox 1183 1853 1289 1938; x_wconf 90' lang='lat' dir='ltr'><strong>Hely,</strong></span> 
     </span>
     <span class='ocr_line' id='line_1_13' title="bbox 338 1951 1289 2035; baseline 0.005 -21"><span class='ocrx_word' id='word_1_71' title='bbox 338 1953 564 2016; x_wconf 88' lang='lat' dir='ltr'><strong>cancellarius</strong></span> <span class='ocrx_word' id='word_1_72' title='bbox 591 1953 693 2034; x_wconf 85' lang='lat' dir='ltr'><strong>regis,</strong></span> <span class='ocrx_word' id='word_1_73' title='bbox 716 1953 892 2017; x_wconf 90' lang='lat' dir='ltr'><strong>successit.</strong></span> <span class='ocrx_word' id='word_1_74' title='bbox 947 1951 1087 2035; x_wconf 87' lang='lat' dir='ltr'><strong>Reliqui</strong></span> <span class='ocrx_word' id='word_1_75' title='bbox 1114 1972 1194 2018; x_wconf 89' lang='lat' dir='ltr'><strong>vero</strong></span> <span class='ocrx_word' id='word_1_76' title='bbox 1219 1963 1289 2020; x_wconf 88' lang='lat' dir='ltr'><strong>tres</strong></span> 
     </span>
     <span class='ocr_line' id='line_1_14' title="bbox 339 2051 1289 2136; baseline 0.005 -22"><span class='ocrx_word' id='word_1_77' title='bbox 339 2053 474 2132; x_wconf 82' lang='lat' dir='ltr'><strong>praelati</strong></span> <span class='ocrx_word' id='word_1_78' title='bbox 492 2052 656 2134; x_wconf 88' lang='lat' dir='ltr'><strong>episcopi,</strong></span> <span class='ocrx_word' id='word_1_79' title='bbox 677 2051 825 2116; x_wconf 89' lang='lat' dir='ltr'><strong>Romam</strong></span> <span class='ocrx_word' id='word_1_80' title='bbox 844 2052 1021 2128; x_wconf 85' lang='lat' dir='ltr'><strong>adeuntes,</strong></span> <span class='ocrx_word' id='word_1_81' title='bbox 1039 2051 1167 2116; x_wconf 92' lang='lat' dir='ltr'><strong>domini</strong></span> <span class='ocrx_word' id='word_1_82' title='bbox 1189 2074 1289 2136; x_wconf 68' lang='lat' dir='ltr'><strong>papae</strong></span> 
     </span>
     <span class='ocr_line' id='line_1_15' title="bbox 336 2151 1289 2234; baseline 0.005 -21"><span class='ocrx_word' id='word_1_83' title='bbox 336 2152 485 2232; x_wconf 80' lang='lat' dir='ltr'><strong>gratiam</strong></span> <span class='ocrx_word' id='word_1_84' title='bbox 520 2153 761 2234; x_wconf 88' lang='lat' dir='ltr'><strong>expectabant.</strong></span> <span class='ocrx_word' id='word_1_85' title='bbox 823 2151 951 2215; x_wconf 88' lang='lat' dir='ltr'><strong>Eadem</strong></span> <span class='ocrx_word' id='word_1_86' title='bbox 983 2153 1087 2216; x_wconf 89' lang='lat' dir='ltr'><strong>etiam</strong></span> <span class='ocrx_word' id='word_1_87' title='bbox 1118 2156 1289 2218; x_wconf 86' lang='lat' dir='ltr'><strong>sententia</strong></span> 
     </span>
     <span class='ocr_line' id='line_1_16' title="bbox 336 2250 1290 2334; baseline 0.003 -20"><span class='ocrx_word' id='word_1_88' title='bbox 336 2258 469 2315; x_wconf 89' lang='lat' dir='ltr'><strong>ceteros</strong></span> <span class='ocrx_word' id='word_1_89' title='bbox 499 2271 654 2334; x_wconf 89' lang='lat' dir='ltr'><strong>quosque</strong></span> <span class='ocrx_word' id='word_1_90' title='bbox 679 2253 752 2332; x_wconf 84' lang='lat' dir='ltr'><strong>regi</strong></span> <span class='ocrx_word' id='word_1_91' title='bbox 780 2250 1004 2316; x_wconf 85' lang='lat' dir='ltr'><strong>adversantes</strong></span> <span class='ocrx_word' id='word_1_92' title='bbox 1031 2252 1167 2333; x_wconf 89' lang='lat' dir='ltr'><strong>publice</strong></span> <span class='ocrx_word' id='word_1_93' title='bbox 1189 2254 1290 2318; x_wconf 89' lang='lat' dir='ltr'><strong>inno-</strong></span> 
     </span>
     <span class='ocr_line' id='line_1_17' title="bbox 339 2349 1297 2435; baseline 0.005 -22"><span class='ocrx_word' id='word_1_94' title='bbox 339 2349 451 2431; x_wconf 83' lang='lat' dir='ltr'><strong>davit3</strong></span> <span class='ocrx_word' id='word_1_95' title='bbox 481 2352 527 2414; x_wconf 92' lang='lat' dir='ltr'><strong>ibi</strong></span> <span class='ocrx_word' id='word_1_96' title='bbox 552 2353 656 2416; x_wconf 90' lang='lat' dir='ltr'><strong>etiam</strong></span> <span class='ocrx_word' id='word_1_97' title='bbox 683 2352 937 2416; x_wconf 90' lang='lat' dir='ltr'><strong>concessionem</strong></span> <span class='ocrx_word' id='word_1_98' title='bbox 966 2350 1094 2415; x_wconf 92' lang='lat' dir='ltr'><strong>domini</strong></span> <span class='ocrx_word' id='word_1_99' title='bbox 1119 2371 1220 2435; x_wconf 82' lang='lat' dir='ltr'><strong>papae</strong></span> <span class='ocrx_word' id='word_1_100' title='bbox 1246 2353 1297 2418; x_wconf 89' lang='lat' dir='ltr'><strong>de-</strong></span> 
     </span>
     <span class='ocr_line' id='line_1_18' title="bbox 338 2447 1290 2535; baseline 0.003 -22"><span class='ocrx_word' id='word_1_101' title='bbox 338 2449 470 2514; x_wconf 89' lang='lat' dir='ltr'><strong>decima</strong></span> <span class='ocrx_word' id='word_1_102' title='bbox 499 2450 652 2514; x_wconf 85' lang='lat' dir='ltr'><strong>ecclesiae</strong></span> <span class='ocrx_word' id='word_1_103' title='bbox 679 2449 883 2533; x_wconf 84' lang='lat' dir='ltr'><strong>Anglioanae</strong></span> <span class='ocrx_word' id='word_1_104' title='bbox 910 2450 1076 2514; x_wconf 89' lang='lat' dir='ltr'><strong>solvenda</strong></span> <span class='ocrx_word' id='word_1_105' title='bbox 1104 2453 1176 2534; x_wconf 81' lang='lat' dir='ltr'><strong>regi</strong></span> <span class='ocrx_word' id='word_1_106' title='bbox 1206 2447 1290 2535; x_wconf 72' lang='lat' dir='ltr'><strong>*per</strong></span> 
     </span>
     <span class='ocr_line' id='line_1_19' title="bbox 338 2551 1289 2633; baseline 0.004 -20"><span class='ocrx_word' id='word_1_107' title='bbox 338 2568 466 2613; x_wconf 90' lang='lat' dir='ltr'><strong>annum</strong></span> <span class='ocrx_word' id='word_1_108' title='bbox 492 2559 691 2633; x_wconf 91' lang='lat' dir='ltr'><strong>sequentem</strong></span> <span class='ocrx_word' id='word_1_109' title='bbox 721 2552 879 2632; x_wconf 87' lang='lat' dir='ltr'><strong>proximo</strong></span> <span class='ocrx_word' id='word_1_110' title='bbox 910 2551 1107 2633; x_wconf 89' lang='lat' dir='ltr'><strong>publicavit.</strong></span> <span class='ocrx_word' id='word_1_111' title='bbox 1161 2552 1289 2617; x_wconf 86' lang='lat' dir='ltr'><strong>Custos</strong></span> 
     </span>
     <span class='ocr_line' id='line_1_20' title="bbox 339 2647 1288 2717; baseline 0.003 -5"><span class='ocrx_word' id='word_1_112' title='bbox 339 2647 510 2714; x_wconf 90' lang='lat' dir='ltr'><strong>Guidonis</strong></span> <span class='ocrx_word' id='word_1_113' title='bbox 533 2650 575 2714; x_wconf 92' lang='lat' dir='ltr'><strong>de</strong></span> <span class='ocrx_word' id='word_1_114' title='bbox 596 2649 813 2714; x_wconf 86' lang='lat' dir='ltr'><strong>Monte-forti</strong></span> <span class='ocrx_word' id='word_1_115' title='bbox 839 2651 874 2714; x_wconf 92' lang='lat' dir='ltr'><strong>in</strong></span> <span class='ocrx_word' id='word_1_116' title='bbox 897 2658 1012 2714; x_wconf 89' lang='lat' dir='ltr'><strong>castro</strong></span> <span class='ocrx_word' id='word_1_117' title='bbox 1035 2651 1199 2716; x_wconf 87' lang='lat' dir='ltr'><strong>Dovoriae</strong></span> <span class='ocrx_word' id='word_1_118' title='bbox 1215 2672 1288 2717; x_wconf 88' lang='lat' dir='ltr'><strong>cor-</strong></span> 
     </span>
     <span class='ocr_line' id='line_1_21' title="bbox 337 2749 1289 2833; baseline 0.006 -22"><span class='ocrx_word' id='word_1_119' title='bbox 337 2758 471 2831; x_wconf 90' lang='lat' dir='ltr'><strong>ruptus,</strong></span> <span class='ocrx_word' id='word_1_120' title='bbox 487 2750 598 2832; x_wconf 89' lang='lat' dir='ltr'><strong>ipsum</strong></span> <span class='ocrx_word' id='word_1_121' title='bbox 622 2758 701 2833; x_wconf 93' lang='lat' dir='ltr'><strong>post</strong></span> <span class='ocrx_word' id='word_1_122' title='bbox 718 2750 854 2815; x_wconf 85' lang='lat' dir='ltr'><strong>Pascha</strong></span> <span class='ocrx_word' id='word_1_123' title='bbox 871 2749 1014 2814; x_wconf 86' lang='lat' dir='ltr'><strong>liberum</strong></span> <span class='ocrx_word' id='word_1_124' title='bbox 1032 2751 1172 2828; x_wconf 89' lang='lat' dir='ltr'><strong>dimisit,</strong></span> <span class='ocrx_word' id='word_1_125' title='bbox 1195 2771 1289 2817; x_wconf 89' lang='lat' dir='ltr'><strong>mare</strong></span> 
     </span>
     <span class='ocr_line' id='line_1_22' title="bbox 338 2845 1288 2932; baseline 0.005 -21"><span class='ocrx_word' id='word_1_126' title='bbox 338 2851 508 2913; x_wconf 89' lang='lat' dir='ltr'><strong>transiens</strong></span> <span class='ocrx_word' id='word_1_127' title='bbox 543 2869 619 2914; x_wconf 90' lang='lat' dir='ltr'><strong>cum</strong></span> <span class='ocrx_word' id='word_1_128' title='bbox 652 2850 783 2916; x_wconf 89' lang='lat' dir='ltr'><strong>eodem.</strong></span> <span class='ocrx_word' id='word_1_129' title='bbox 836 2849 952 2914; x_wconf 88' lang='lat' dir='ltr'><strong>Guido</strong></span> <span class='ocrx_word' id='word_1_130' title='bbox 984 2858 1101 2932; x_wconf 88' lang='lat' dir='ltr'><strong>partes</strong></span> <span class='ocrx_word' id='word_1_131' title='bbox 1134 2845 1288 2916; x_wconf 85' lang='lat' dir='ltr'><strong>⁵Tusciae</strong></span> 
     </span>
     <span class='ocr_line' id='line_1_23' title="bbox 338 2948 1286 3034; baseline 0.006 -24"><span class='ocrx_word' id='word_1_132' title='bbox 338 2948 468 3024; x_wconf 89' lang='lat' dir='ltr'><strong>adiens,</strong></span> <span class='ocrx_word' id='word_1_133' title='bbox 503 2951 621 3013; x_wconf 93' lang='lat' dir='ltr'><strong>comiti</strong></span> <span class='ocrx_word' id='word_1_134' title='bbox 659 2949 753 3013; x_wconf 86' lang='lat' dir='ltr'><strong>Rufo</strong></span> <span class='ocrx_word' id='word_1_135' title='bbox 787 2950 957 3029; x_wconf 83' lang='lat' dir='ltr'><strong>adhaesit3</strong></span> <span class='ocrx_word' id='word_1_136' title='bbox 999 2950 1098 3034; x_wconf 90' lang='lat' dir='ltr'><strong>cujus</strong></span> <span class='ocrx_word' id='word_1_137' title='bbox 1136 2970 1214 3014; x_wconf 92' lang='lat' dir='ltr'><strong>cum</strong></span> <span class='ocrx_word' id='word_1_138' title='bbox 1251 2954 1286 3016; x_wconf 90' lang='lat' dir='ltr'><strong>in</strong></span> 
     </span>
     <span class='ocr_line' id='line_1_24' title="bbox 338 3047 1288 3132; baseline 0.006 -22"><span class='ocrx_word' id='word_1_139' title='bbox 338 3049 458 3112; x_wconf 90' lang='lat' dir='ltr'><strong>militia</strong></span> <span class='ocrx_word' id='word_1_140' title='bbox 489 3047 642 3113; x_wconf 89' lang='lat' dir='ltr'><strong>famosus</strong></span> <span class='ocrx_word' id='word_1_141' title='bbox 669 3057 772 3125; x_wconf 89' lang='lat' dir='ltr'><strong>esset,</strong></span> <span class='ocrx_word' id='word_1_142' title='bbox 797 3069 941 3113; x_wconf 88' lang='lat' dir='ltr'><strong>uxorem</strong></span> <span class='ocrx_word' id='word_1_143' title='bbox 968 3051 1102 3132; x_wconf 90' lang='lat' dir='ltr'><strong>accepit</strong></span> <span class='ocrx_word' id='word_1_144' title='bbox 1125 3051 1230 3114; x_wconf 89' lang='lat' dir='ltr'><strong>filiam</strong></span> <span class='ocrx_word' id='word_1_145' title='bbox 1252 3061 1288 3116; x_wconf 90' lang='lat' dir='ltr'><strong>et</strong></span> 
     </span>
     <span class='ocr_line' id='line_1_25' title="bbox 336 3146 1288 3233; baseline 0.007 -24"><span class='ocrx_word' id='word_1_146' title='bbox 336 3146 507 3212; x_wconf 89' lang='lat' dir='ltr'><strong>heredem.</strong></span> <span class='ocrx_word' id='word_1_147' title='bbox 558 3148 686 3231; x_wconf 90' lang='lat' dir='ltr'><strong>Symon</strong></span> <span class='ocrx_word' id='word_1_148' title='bbox 711 3168 792 3213; x_wconf 89' lang='lat' dir='ltr'><strong>vero</strong></span> <span class='ocrx_word' id='word_1_149' title='bbox 813 3150 918 3213; x_wconf 89' lang='lat' dir='ltr'><strong>srater</strong></span> <span class='ocrx_word' id='word_1_150' title='bbox 941 3149 1017 3233; x_wconf 86' lang='lat' dir='ltr'><strong>ejus</strong></span> <span class='ocrx_word' id='word_1_151' title='bbox 1043 3150 1158 3214; x_wconf 89' lang='lat' dir='ltr'><strong>senior</strong></span> <span class='ocrx_word' id='word_1_152' title='bbox 1183 3153 1288 3233; x_wconf 85' lang='lat' dir='ltr'><strong>paulo</strong></span> 
     </span>
     <span class='ocr_line' id='line_1_26' title="bbox 335 3247 1289 3330; baseline 0.004 -19"><span class='ocrx_word' id='word_1_153' title='bbox 335 3255 428 3324; x_wconf 90' lang='lat' dir='ltr'><strong>ante,</strong></span> <span class='ocrx_word' id='word_1_154' title='bbox 457 3255 610 3330; x_wconf 90' lang='lat' dir='ltr'><strong>tempore</strong></span> <span class='ocrx_word' id='word_1_155' title='bbox 642 3247 954 3330; x_wconf 81' lang='lat' dir='ltr'><strong>Quadragesimali,</strong></span> <span class='ocrx_word' id='word_1_156' title='bbox 983 3248 1026 3311; x_wconf 91' lang='lat' dir='ltr'><strong>de</strong></span> <span class='ocrx_word' id='word_1_157' title='bbox 1052 3268 1187 3313; x_wconf 88' lang='lat' dir='ltr'><strong>carcere</strong></span> <span class='ocrx_word' id='word_1_158' title='bbox 1209 3270 1289 3315; x_wconf 89' lang='lat' dir='ltr'><strong>eva-</strong></span> 
     </span>
     <span class='ocr_line' id='line_1_27' title="bbox 335 3341 1288 3432; baseline 0.006 -24"><span class='ocrx_word' id='word_1_159' title='bbox 335 3346 418 3410; x_wconf 90' lang='lat' dir='ltr'><strong>dens</strong></span> <span class='ocrx_word' id='word_1_160' title='bbox 452 3347 639 3430; x_wconf 80' lang='lat' dir='ltr'><strong>transfugit</strong></span> <span class='ocrx_word' id='word_1_161' title='bbox 668 3349 703 3411; x_wconf 96' lang='lat' dir='ltr'><strong>in</strong></span> <span class='ocrx_word' id='word_1_162' title='bbox 735 3341 901 3412; x_wconf 84' lang='lat' dir='ltr'><strong>⁶Gallias.</strong></span> <span class='ocrx_word' id='word_1_163' title='bbox 959 3348 1039 3412; x_wconf 87' lang='lat' dir='ltr'><strong>Rex</strong></span> <span class='ocrx_word' id='word_1_164' title='bbox 1072 3349 1106 3411; x_wconf 91' lang='lat' dir='ltr'><strong>in</strong></span> <span class='ocrx_word' id='word_1_165' title='bbox 1139 3351 1288 3432; x_wconf 79' lang='lat' dir='ltr'><strong>singulis</strong></span> 
     </span>
     <span class='ocr_line' id='line_1_28' title="bbox 334 3448 1289 3531; baseline 0.005 -22"><span class='ocrx_word' id='word_1_166' title='bbox 334 3448 554 3511; x_wconf 85' lang='lat' dir='ltr'><strong>comitatibus</strong></span> <span class='ocrx_word' id='word_1_167' title='bbox 570 3449 788 3530; x_wconf 88' lang='lat' dir='ltr'><strong>capitaneum</strong></span> <span class='ocrx_word' id='word_1_168' title='bbox 805 3468 909 3512; x_wconf 91' lang='lat' dir='ltr'><strong>unum</strong></span> <span class='ocrx_word' id='word_1_169' title='bbox 928 3449 1120 3525; x_wconf 89' lang='lat' dir='ltr'><strong>constituit,</strong></span> <span class='ocrx_word' id='word_1_170' title='bbox 1141 3450 1200 3531; x_wconf 89' lang='lat' dir='ltr'><strong>qui</strong></span> <span class='ocrx_word' id='word_1_171' title='bbox 1218 3470 1289 3515; x_wconf 88' lang='lat' dir='ltr'><strong>una</strong></span> 
     </span>
     <span class='ocr_line' id='line_1_29' title="bbox 335 3548 1288 3631; baseline 0.003 -21"><span class='ocrx_word' id='word_1_172' title='bbox 335 3565 412 3610; x_wconf 90' lang='lat' dir='ltr'><strong>cum</strong></span> <span class='ocrx_word' id='word_1_173' title='bbox 430 3549 631 3612; x_wconf 84' lang='lat' dir='ltr'><strong>vicecomite</strong></span> <span class='ocrx_word' id='word_1_174' title='bbox 654 3548 867 3630; x_wconf 83' lang='lat' dir='ltr'><strong>praedonum,</strong></span> <span class='ocrx_word' id='word_1_175' title='bbox 890 3549 948 3629; x_wconf 93' lang='lat' dir='ltr'><strong>qui</strong></span> <span class='ocrx_word' id='word_1_176' title='bbox 972 3548 1155 3631; x_wconf 84' lang='lat' dir='ltr'><strong>plurimum</strong></span> <span class='ocrx_word' id='word_1_177' title='bbox 1178 3549 1288 3613; x_wconf 90' lang='lat' dir='ltr'><strong>abun-</strong></span> 
     </span>
    </p>
   </div>
   <div class='ocr_carea' id='block_1_3' title="bbox 333 3645 1287 3729">
    <p class='ocr_par' dir='ltr' id='par_1_3' title="bbox 333 3645 1287 3729">
     <span class='ocr_line' id='line_1_30' title="bbox 333 3645 1287 3729; baseline 0.005 -20"><span class='ocrx_word' id='word_1_178' title='bbox 333 3645 475 3723; x_wconf 91' lang='lat' dir='ltr'><strong>dabant,</strong></span> <span class='ocrx_word' id='word_1_179' title='bbox 498 3648 681 3712; x_wconf 88' lang='lat' dir='ltr'><strong>violentias</strong></span> <span class='ocrx_word' id='word_1_180' title='bbox 707 3655 889 3712; x_wconf 86' lang='lat' dir='ltr'><strong>coerceret.</strong></span> <span class='ocrx_word' id='word_1_181' title='bbox 942 3647 985 3710; x_wconf 88' lang='lat' dir='ltr'><strong>ln</strong></span> <span class='ocrx_word' id='word_1_182' title='bbox 1014 3648 1134 3729; x_wconf 77' lang='lat' dir='ltr'><strong>vigilia</strong></span> <span class='ocrx_word' id='word_1_183' title='bbox 1162 3648 1287 3714; x_wconf 91' lang='lat' dir='ltr'><strong>Pente-</strong></span> 
     </span>
    </p>
   </div>
   <div class='ocr_carea' id='block_1_4' title="bbox 330 3849 1288 4266">
    <p class='ocr_par' dir='ltr' id='par_1_4' title="bbox 330 3849 1288 4266">
     <span class='ocr_line' id='line_1_31' title="bbox 368 3849 1288 3918; baseline 0.005 -16"><span class='ocrx_word' id='word_1_184' title='bbox 368 3849 377 3882; x_wconf 91' lang='lat'>¹</span> <span class='ocrx_word' id='word_1_185' title='bbox 397 3854 457 3903; x_wconf 82' lang='lat' dir='ltr'><strong>Coti.</strong></span> <span class='ocrx_word' id='word_1_186' title='bbox 471 3855 535 3915; x_wconf 78' lang='lat' dir='ltr'><strong>Reg.</strong></span> <span class='ocrx_word' id='word_1_187' title='bbox 549 3853 796 3903; x_wconf 84' lang='lat' dir='ltr'><strong>hasnodivisionin</strong></span> <span class='ocrx_word' id='word_1_188' title='bbox 822 3854 887 3904; x_wconf 67' lang='lat' dir='ltr'><strong>nas!</strong></span> <span class='ocrx_word' id='word_1_189' title='bbox 926 3854 1057 3916; x_wconf 80' lang='lat' dir='ltr'><strong>February</strong></span> <span class='ocrx_word' id='word_1_190' title='bbox 1079 3854 1125 3905; x_wconf 89' lang='lat' dir='ltr'><strong>has</strong></span> <span class='ocrx_word' id='word_1_191' title='bbox 1150 3857 1209 3918; x_wconf 83' lang='lat' dir='ltr'><strong>only</strong></span> <span class='ocrx_word' id='word_1_192' title='bbox 1231 3857 1288 3907; x_wconf 85' lang='lat' dir='ltr'><strong>t&#39;our</strong></span> 
     </span>
     <span class='ocr_line' id='line_1_32' title="bbox 334 3922 907 3984; baseline 0.003 -13"><span class='ocrx_word' id='word_1_193' title='bbox 334 3922 384 3971; x_wconf 83' lang='lat' dir='ltr'><strong>this</strong></span> <span class='ocrx_word' id='word_1_194' title='bbox 402 3924 492 3984; x_wconf 87' lang='lat' dir='ltr'><strong>place;</strong></span> <span class='ocrx_word' id='word_1_195' title='bbox 509 3924 556 3972; x_wconf 87' lang='lat' dir='ltr'><strong>but</strong></span> <span class='ocrx_word' id='word_1_196' title='bbox 567 3923 625 3972; x_wconf 89' lang='lat' dir='ltr'><strong>both</strong></span> <span class='ocrx_word' id='word_1_197' title='bbox 638 3925 676 3974; x_wconf 90' lang='lat' dir='ltr'><strong>M.</strong></span> <span class='ocrx_word' id='word_1_198' title='bbox 689 3923 738 3972; x_wconf 91' lang='lat' dir='ltr'><strong>and</strong></span> <span class='ocrx_word' id='word_1_199' title='bbox 748 3924 795 3974; x_wconf 80' lang='lat' dir='ltr'><strong>Ar.</strong></span> <span class='ocrx_word' id='word_1_200' title='bbox 821 3939 907 3973; x_wconf 87' lang='lat' dir='ltr'><strong>nones.</strong></span> 
     </span>
     <span class='ocr_line' id='line_1_33' title="bbox 334 3992 1287 4059; baseline 0.006 -18"><span class='ocrx_word' id='word_1_201' title='bbox 334 3994 456 4054; x_wconf 78' lang='lat' dir='ltr'><strong>correctly</strong></span> <span class='ocrx_word' id='word_1_202' title='bbox 465 3994 541 4056; x_wconf 81' lang='lat' dir='ltr'><strong>hegin</strong></span> <span class='ocrx_word' id='word_1_203' title='bbox 550 3994 592 4042; x_wconf 82' lang='lat' dir='ltr'><strong>the</strong></span> <span class='ocrx_word' id='word_1_204' title='bbox 600 3994 795 4055; x_wconf 83' lang='lat' dir='ltr'><strong>yearasabove.</strong></span> <span class='ocrx_word' id='word_1_205' title='bbox 857 3992 866 4023; x_wconf 87' lang='lat'><strong>⁴</strong></span> <span class='ocrx_word' id='word_1_206' title='bbox 883 3995 946 4055; x_wconf 88' lang='lat' dir='ltr'><strong>‘per</strong></span> <span class='ocrx_word' id='word_1_207' title='bbox 964 3999 1061 4055; x_wconf 81' lang='lat' dir='ltr'><strong>septem</strong></span> <span class='ocrx_word' id='word_1_208' title='bbox 1082 4009 1161 4045; x_wconf 81' lang='lat' dir='ltr'><strong>annos</strong></span> <span class='ocrx_word' id='word_1_209' title='bbox 1179 4011 1287 4059; x_wconf 82' lang='lat' dir='ltr'><strong>sequen·</strong></span> 
     </span>
     <span class='ocr_line' id='line_1_34' title="bbox 368 4059 1024 4126; baseline 0.005 -16"><span class='ocrx_word' id='word_1_210' title='bbox 368 4059 379 4092; x_wconf 80' lang='lat'>²</span> <span class='ocrx_word' id='word_1_211' title='bbox 389 4059 748 4126; x_wconf 61' lang='lat' dir='ltr'><strong>‘episcopusWigorniensisf</strong></span> <span class='ocrx_word' id='word_1_212' title='bbox 756 4065 795 4114; x_wconf 89' lang='lat' dir='ltr'><strong>M.</strong></span> <span class='ocrx_word' id='word_1_213' title='bbox 821 4068 859 4113; x_wconf 87' lang='lat' dir='ltr'><strong>tes</strong></span> <span class='ocrx_word' id='word_1_214' title='bbox 869 4059 883 4123; x_wconf 74' lang='grc' dir='ltr'><strong>ς’</strong></span> <span class='ocrx_word' id='word_1_215' title='bbox 896 4064 934 4112; x_wconf 87' lang='lat' dir='ltr'><strong>M.</strong></span> <span class='ocrx_word' id='word_1_216' title='bbox 944 4069 968 4112; x_wconf 84' lang='lat' dir='ltr'><strong>et</strong></span> <span class='ocrx_word' id='word_1_217' title='bbox 976 4064 1024 4113; x_wconf 79' lang='lat' dir='ltr'><strong>Ar.</strong></span> 
     </span>
     <span class='ocr_line' id='line_1_35' title="bbox 367 4128 1145 4195; baseline 0.004 -15"><span class='ocrx_word' id='word_1_218' title='bbox 367 4131 378 4162; x_wconf 83' lang='lat'>³</span> <span class='ocrx_word' id='word_1_219' title='bbox 396 4135 456 4182; x_wconf 82' lang='lat' dir='ltr'><strong>Cod.</strong></span> <span class='ocrx_word' id='word_1_220' title='bbox 478 4134 541 4195; x_wconf 70' lang='lat' dir='ltr'><strong>aeg.</strong></span> <span class='ocrx_word' id='word_1_221' title='bbox 565 4133 611 4182; x_wconf 86' lang='lat' dir='ltr'><strong>has</strong></span> <span class='ocrx_word' id='word_1_222' title='bbox 633 4133 793 4194; x_wconf 80' lang='lat' dir='ltr'><strong>erroneously</strong></span> <span class='ocrx_word' id='word_1_223' title='bbox 857 4128 1004 4194; x_wconf 55' lang='lat' dir='ltr'><strong>“curiam⁸</strong></span> <span class='ocrx_word' id='word_1_224' title='bbox 1018 4134 1145 4184; x_wconf 48' lang='grc' dir='ltr'><strong>ΜΛΔ</strong></span> 
     </span>
     <span class='ocr_line' id='line_1_36' title="bbox 330 4199 1196 4266; baseline 0.007 -16"><span class='ocrx_word' id='word_1_225' title='bbox 330 4205 419 4251; x_wconf 82' lang='lat' dir='ltr'><strong>‘sexto</strong></span> <span class='ocrx_word' id='word_1_226' title='bbox 436 4218 515 4253; x_wconf 79' lang='lat' dir='ltr'><strong>nonne</strong></span> <span class='ocrx_word' id='word_1_227' title='bbox 525 4200 541 4252; x_wconf 89' lang='lat'><strong>:’</strong></span> <span class='ocrx_word' id='word_1_228' title='bbox 562 4202 609 4254; x_wconf 76' lang='lat' dir='ltr'><strong>Ar.</strong></span> <span class='ocrx_word' id='word_1_229' title='bbox 626 4203 717 4266; x_wconf 83' lang='lat' dir='ltr'><strong>simply</strong></span> <span class='ocrx_word' id='word_1_230' title='bbox 733 4207 793 4253; x_wconf 81' lang='lat' dir='ltr'><strong>‘no·</strong></span> <span class='ocrx_word' id='word_1_231' title='bbox 856 4201 866 4233; x_wconf 81' lang='lat'><strong>⁶</strong></span> <span class='ocrx_word' id='word_1_232' title='bbox 883 4205 1032 4253; x_wconf 79' lang='lat' dir='ltr'><strong>‘Franciam</strong></span> <span class='ocrx_word' id='word_1_233' title='bbox 1041 4199 1057 4263; x_wconf 86' lang='lat'><strong>;&#39;</strong></span> <span class='ocrx_word' id='word_1_234' title='bbox 1068 4205 1107 4255; x_wconf 91' lang='lat' dir='ltr'><strong>M.</strong></span> <span class='ocrx_word' id='word_1_235' title='bbox 1116 4205 1196 4256; x_wconf 62' lang='grc' dir='ltr'><strong>ΛΑΓ.</strong></span> 
     </span>
    </p>
   </div>
   <div class='ocr_carea' id='block_1_5' title="bbox 0 0 1452 4860">
    <p class='ocr_par' dir='ltr' id='par_1_5' title="bbox 0 0 1452 4860">
     <span class='ocr_line' id='line_1_37' title="bbox 0 0 1452 4860; baseline 0 1"><span class='ocrx_word' id='word_1_236' title='bbox 0 0 1452 4860; x_wconf 95' lang='lat' dir='ltr'><strong> </strong></span> 
     </span>
    </p>
   </div>
  </div>
 </body>
</html>
