2896 4860
566 401 745 451 susanna.
1086 386 1131 451 25

179 553 257 637 Ibi,¹
286 559 430 643 perfidia
456 562 673 646 imperatoris
697 561 826 639 Graeci,
850 560 994 625 duorum
1019 563 1130 626 maxi·

179 680 312 724 morum
341 663 556 727 exercituum
584 669 683 746 parte
714 663 817 744 louge
842 662 965 746 majori
994 662 1130 726 casibus

179 761 286 824 variis
307 760 529 846 cladibusque
554 762 751 845 profligata,
771 770 967 844 camparte
992 761 1131 827 residua

180 859 248 924 duo
273 861 325 925 illi
347 864 465 944 magui
492 863 665 947 principes
701 861 949 946 lerosolymam
975 880 1131 927 accessa·
1144 881 1237 922 aaa·

180 969 274 1039 runt,
297 961 462 1045 nullaque
487 983 524 1027 re
554 964 765 1028 memorabili
792 962 840 1026 ibi
863 969 963 1044 gesta
991 962 1130 1045 inglorii
1143 931 1263 983 md*

180 1054 382 1126 'redieruut

231 1160 372 1226 Interea
396 1160 527 1246 Anglia
554 1163 727 1228 intestinis
748 1162 849 1227 malis
877 1164 1065 1245 exsanguis
1096 1169 1132 1228 et
1145 1187 1249 1229 ratam·

182 1261 300 1325 sancia
322 1263 534 1328 tabescebat.
588 1264 634 1329 Et
652 1265 763 1347 primo
786 1262 922 1346 quidem
949 1262 1132 1327 videbatur
1145 1237 1278 1340 ‘'nln'ssffih

182 1381 326 1444 regnum
341 1362 376 1426 iu
395 1362 465 1427 duo
486 1363 647 1441 divisum,
666 1363 870 1447 quibusdam
892 1363 977 1444 regi,
1000 1370 1035 1427 et
1057 1363 1133 1446 qui-

181 1461 325 1525 busdam
352 1463 562 1546 imperatrici
589 1463 808 1542 faventibus3
836 1461 926 1526 inter
947 1469 1133 1546 partesque

182 1559 241 1625 diu
263 1562 479 1647 multumque
497 1571 666 1628 certatum
691 1572 744 1628 est
768 1563 961 1627 alternante
984 1563 1131 1628 fortuna.

183 1660 353 1726 Processu
379 1682 461 1727 vero
491 1664 654 1747 temporis
680 1663 908 1746 provinciales
934 1663 1132 1727 discordan-

184 1761 270 1825 tium
297 1770 411 1827 motus
433 1757 675 1829 ³distribuere:
699 1763 843 1828 castella
866 1764 994 1847 quippe
1016 1763 1132 1828 studio

182 1862 332 1944 partium
348 1884 410 1947 per
427 1863 583 1946 singulas
605 1864 801 1945 provincias
818 1872 1041 1928 surrexerant
1057 1883 1132 1928 cre·

182 1962 266 2042 bra3
289 1971 456 2046 erantque
478 1965 514 2027 iu
530 1963 661 2046 Anglia
682 1970 735 2029 tot
750 1963 1003 2045 quodammodo
1020 1983 1132 2046 reges,

185 2062 239 2126 vel
260 2063 377 2144 potius
402 2065 553 2146 tyranni,
575 2071 660 2147 quot
682 2063 901 2128 castellorum
915 2063 1056 2141 domiui,
1073 2064 1132 2128 ba·

182 2163 303 2227 bentes
327 2163 454 2245 singuli
481 2183 722 2248 percussuram
746 2164 876 2246 proprii
905 2165 1133 2242 numismatis,

184 2270 219 2328 et
235 2269 442 2346 potestatem
457 2263 592 2328 dicendi
609 2263 757 2329 subditis
773 2265 869 2346 regio
883 2284 979 2329 moro
989 2265 1082 2349 jura.

180 2479 240 2522 'u.
254 2484 348 2523 mco.
432 2486 455 2522 r.
469 2486 630 2523 aestuosus
650 2486 675 2523 a.
766 2484 918 2521 rsaucosuu
971 2486 1109 2522 suenonurs

219 2572 344 2610 uoxrvur.
387 2571 539 2610 auersum.
569 2572 720 2608 sorrentu.
757 2572 925 2609 wuovrcrvn.

468 2664 475 2679 .
628 2634 668 2678 ll.
822 2632 862 2679 11.
1022 2633 1062 2679 1³.

239 2771 432 2837 Eueuurus
456 2790 547 2855 papa
570 2770 691 2835 Remis
715 2771 897 2835 concilium
927 2770 1133 2850 celebravit;
1148 2784 1266 2878 goffia

188 2873 225 2935 in
247 2891 316 2954 quo
343 2871 522 2936 Gilbertus
544 2871 769 2948 Porretanus,
794 2890 856 2954 per
875 2871 1033 2934 abbatem
1051 2871 1136 2935 Ber·

188 2970 333 3036 nardum
353 2972 396 3036 de
417 2971 573 3035 doctrina
589 2972 768 3036 convictus
785 2972 898 3034 miuus
915 2988 1012 3048 sana,
1037 2991 1136 3036 suum

189 3072 366 3137 revocavit
402 3063 576 3135 errorem!
646 3069 832 3150 Henricus,
871 3069 963 3134 filius
1002 3072 1137 3136 comitis

187 3170 463 3255 studegavensis,
490 3165 674 3235 ⁵suadeute
700 3178 811 3235 matre
841 3170 1069 3254 imperatrice,
1093 3172 1137 3235 ad

188 3293 301 3355 regem
326 3271 507 3337 Scotorum
528 3271 643 3336 David
666 3271 874 3335 avunculum
895 3290 995 3334 suum
1012 3272 1137 3336 missus

187 3373 393 3438 militaribus
421 3372 455 3436 iu
482 3372 565 3436 urbe
588 3369 738 3435 Carleoli
767 3370 871 3435 armis
887 3371 1078 3453 accingitur
1093 3373 1137 3436 ab

188 3473 320 3538 eodem.

226 3667 353 3721 ¹‘Graeci
370 3669 528 3731 imperatoris
550 3668 651 3730 perfidi·
675 3665 735 3714 cilio
759 3664 885 3714 celebrato
907 3679 975 3727 papa
997 3664 1031 3714 ad
1049 3666 1138 3715 urbem

190 3746 303 3791 amsuut
312 3740 411 3802 experti
418 3734 435 3801 ;'
446 3738 494 3789 Ar.
675 3730 825 3784 revertitur!
863 3734 999 3796 Horreum,
1016 3736 1037 3784 it
1051 3735 1138 3785 would

676 3819 772 3867 appear
783 3804 837 3854 that
848 3805 980 3867 Eugeuins
991 3805 1036 3853 did
1047 3810 1090 3854 not
1100 3821 1140 3854 re-

676 3880 735 3924 tum
762 3880 788 3924 to
811 3874 890 3925 Rome
912 3875 950 3924 ior
972 3875 1042 3925 three
1064 3889 1139 3936 years

189 3927 376 4050 relictum
396 3923 595 3991 pensaurum?
612 3929 651 3978 M·
677 3946 749 4065 pilipp.
785 3946 833 3994 aee
852 3945 927 4008 insa,
942 3946 974 3994 ad
991 3960 1049 3994 ann.
1065 3949 1139 3995 114⁰.

222 4083 233 4115 ⁴
252 4085 322 4135 Here
334 4085 372 4136 Μ.
381 4084 432 4134 aud
440 4083 488 4134 Ar.
500 4084 561 4147 add,
571 4084 652 4135 ‘Cou·
714 4084 725 4114 ³
741 4091 908 4148 ‘suggerente
918 4081 932 4145 ;’
946 4086 984 4134 M.
995 4089 1020 4134 et
1031 4086 1078 4134 Ar.

222 3832 233 3865 ²
248 3835 424 3884 ‘messuerunt
433 3828 447 3896 3'
458 3834 498 3884 Μ.
509 3837 534 3883 ct
545 3831 593 3884 Ar.
636 3875 638 3878 .
