2896 4860
167 671 244 712 Amin
252 673 277 712 el

167 724 258 773 Araxen.

167 2579 213 2619 The
221 2579 293 2619 Weun

166 2629 263 2669 dolenen
273 2631 299 2680 by

78 2702 82 2708 -
166 2681 203 2720 the
212 2681 287 2720 eerlol

166 2731 296 2772 Gleueevter.

324 381 391 447 3⁰4
685 399 759 447 ruo.
776 397 924 446 rnivnrr

323 557 430 641 juxta
452 558 661 640 Bangoriam
683 558 865 621 coustituit
886 564 1025 639 pontem
1052 555 1125 620 lieri
1145 576 1190 622 ex
1213 577 1278 622 na·

328 659 429 723 vibus
458 658 604 723 invicem
635 650 840 739 colligatis¹
912 656 993 721 Hoc
1017 676 1109 722 anno
1136 657 1278 737 Petrus,

327 779 389 822 rex
420 757 621 841 Aragoniae,
646 778 787 840 regnum
811 757 937 822 Siciliae
960 758 1079 822 uxoris
1101 776 1175 822 suae
1195 759 1276 842 jure

328 858 534 924 hereditario
559 860 749 935 vindicans,
778 859 892 922 subito
920 878 996 922 cum
1026 859 1167 941 navigio
1190 858 1277 923 Sici·

327 958 408 1024 liam
436 960 626 1042 ingressus,
651 958 815 1023 Carolum
835 978 951 1039 regem
974 978 1050 1023 cnm
1074 960 1147 1035 suis
1168 979 1276 1042 expu-

327 1059 368 1125 lit
393 1060 434 1124 de
460 1060 601 1139 eadem3
629 1058 746 1143 quiin
771 1059 953 1123 Franciam
977 1058 1125 1140 fugiens,
1149 1078 1171 1123 a
1192 1080 1274 1142 rege

328 1168 452 1242 nepote
473 1181 537 1225 suo
553 1181 615 1242 pro
632 1159 865 1242 recuperando
889 1179 994 1240 regno
1011 1159 1201 1223 subsidium
1215 1160 1276 1223 im·

327 1260 489 1343 ploravit.
537 1260 636 1344 Papa
654 1259 827 1324 Martinus
846 1260 882 1323 in
899 1259 1041 1324 Petrum
1059 1260 1275 1342 praedictum,

327 1369 362 1425 et
379 1381 498 1425 omnes
523 1362 554 1426 ei
578 1361 746 1437 faventes
763 1379 824 1424 seu
839 1379 954 1442 regem
971 1360 1197 1442 appellantes,
1214 1381 1277 1425 ex-

327 1462 647 1526 communicationis
683 1461 762 1524 tulit
799 1460 1030 1538 sententiam3
1066 1460 1277 1543 privansque

328 1581 405 1625 eum
427 1582 535 1644 regno
552 1560 753 1643 Aragoniae,
770 1560 917 1625 contulit
939 1560 1024 1623 illud
1046 1560 1182 1636 Carolo,
1202 1562 1274 1627 tilio

327 1662 420 1744 regis
452 1663 677 1726 Francorum.
742 1661 868 1726 Petrus
898 1681 980 1725 vero
1011 1660 1053 1723 dc
1084 1658 1276 1743 Aragonia,

327 1762 441 1826 missis
468 1762 511 1826 ad
533 1782 648 1845 regem
676 1761 802 1826 Siciliae
826 1762 965 1837 nuntiis,
990 1762 1113 1844 petivit
1135 1770 1174 1825 ut
1197 1782 1274 1826 cum

328 1862 560 1945 quadraginta
585 1870 718 1928 tantum
743 1862 908 1925 militibus
939 1862 982 1924 ad
1010 1862 1116 1945 plana
1143 1862 1276 1928 Burde-

327 1962 430 2043 galae,
458 1983 574 2028 secum
603 1970 655 2027 tot
683 1971 815 2028 tantum
846 1962 973 2026 milites
1004 1960 1152 2026 habente
1176 1961 1276 2027 dimi-

327 2071 481 2141 caturus,
500 2065 630 2128 veniret
649 2064 692 2127 ad
710 2064 799 2127 diem
815 2071 959 2138 certum,
976 2063 1040 2125 sub
1058 2082 1163 2145 poena
1180 2073 1276 2128 certa

327 2183 365 2228 se
397 2163 440 2227 ad
473 2163 538 2229 hoc
581 2164 750 2246 obligans,
788 2163 867 2226 dum
900 2169 1015 2226 tamen
1060 2162 1206 2227 Carolus
1238 2184 1276 2228 se

327 2264 429 2328 modo
457 2265 561 2329 simili
588 2264 780 2346 obligaret3
805 2270 839 2326 et
869 2263 924 2327 cui
954 2264 989 2326 in
1017 2261 1082 2326 hoc
1113 2263 1275 2329 conflictu

328 2364 489 2429 cessisset
512 2364 669 2440 victoria,
695 2364 753 2428 ille
774 2363 849 2426 sine
872 2362 1145 2428 contradictione
1168 2385 1276 2448 regno

329 2464 457 2529 Siciliae
475 2466 655 2548 potiretur.

379 2564 558 2630 Gilbortus
580 2584 694 2629 comes
718 2563 928 2642 Gloverniae‚
948 2583 1094 2647 magnas
1114 2583 1193 2628 cum
1212 2566 1276 2629 mi·

330 2665 407 2729 litia
444 2685 508 2730 sua
544 2665 773 2731 Wallensium
810 2664 947 2746 praedas
989 2665 1130 2742 faciens,
1171 2665 1278 2749 juxta

332 2765 547 2851 Lantylavvir
588 2766 681 2831 sacta
715 2766 815 2848 copia
851 2774 981 2849 apertae
1020 2785 1159 2850 pugnae,
1197 2785 1276 2830 cum

328 2866 456 2931 eisdem
482 2867 568 2930 duro
594 2866 715 2949 praelio
746 2865 947 2931 dimicavit:
982 2859 1034 2928 ²in
1065 2882 1135 2949 quo
1157 2866 1276 2932 multis

327 2968 370 3031 de
393 2975 491 3050 parte
517 2966 745 3030 Wallensium
776 2965 912 3043 occisis,
937 2967 1013 3049 ipse
1035 2967 1188 3049 quinque
1213 2968 1277 3031 mi·

327 3067 407 3131 lites
433 3066 604 3150 perdidit;
638 3066 680 3129 de
711 3085 855 3148 quorum
879 3085 1021 3131 numero
1044 3074 1119 3131 erat
1142 3067 1277 3132 Willel·

327 3186 404 3230 mus
435 3166 479 3230 de
511 3166 685 3231 Valentiis
713 3166 842 3251 junior,
875 3167 1153 3249 consanguineus
1184 3167 1277 3250 regis

329 3265 533 3348 Anglorum.
587 3266 796 3331 Discedente
827 3275 941 3331 autem
973 3268 1098 3332 comite
1129 3266 1277 3332 Glovor·

329 3367 407 3444 niae,
432 3367 592 3450 princeps
620 3367 759 3431 Walliae
790 3375 916 3432 terram
949 3368 1083 3431 intrans
1109 3367 1152 3432 de
1184 3367 1277 3432 Kar·

329 3468 434 3550 dignu
458 3476 493 3532 et
517 3467 700 3545 Stradewi,
731 3468 928 3532 devastavit
951 3475 1061 3532 terras
1091 3467 1189 3545 Resi,
1217 3468 1278 3533 filii

330 3567 521 3646 Mereduei,
555 3569 614 3650 qui
641 3587 718 3632 cum
751 3588 833 3651 rege
859 3576 981 3633 contra
1010 3569 1197 3652 principem
1225 3576 1277 3634 te·

400 3764 407 3796 ¹
424 3767 519 3816 ‘Botes
530 3767 562 3817 he
574 3767 633 3817 tole
643 3768 694 3817 and
706 3768 806 3831 bargen,
818 3769 859 3818 the
871 3769 940 3817 sides
950 3770 1063 3832 togidere
1074 3770 1179 3832 knytte3

440 3837 510 3887 Over
518 3838 560 3886 the
571 3843 660 3897 water,
673 3837 727 3887 that
737 3840 807 3900 large
818 3840 850 3900 is,
861 3838 899 3887 iro
910 3839 977 3887 bank
989 3844 1015 3888 to
1026 3840 1093 3889 bank
1105 3840 1180 3889 muht
1190 3841 1251 3890 itte:

438 3907 509 3967 They
521 3908 604 3957 fleked
614 3908 681 3957 them
693 3909 843 3959 overthvvert
849 3909 946 3971 Justely
959 3910 997 3958 lor
1006 3914 1032 3959 to
1043 3911 1128 3972 ligge3

440 3978 510 4028 Over
520 3979 564 4028 the
576 3984 656 4028 water
667 3984 767 4041 swmte,
778 3994 833 4028 was
845 3994 873 4028 so
884 3980 1012 4041 ordeyned
1023 3996 1039 4029 a
1050 3975 1155 4043 brigge?

761 4049 879 4113 Lnngtoit
891 4050 984 4100 Chron.
996 4066 1012 4100 a
1024 4051 1136 4114 Heme,
1146 4067 1172 4113 p.
1184 4055 1241 4103 241.

360 4149 370 4178 ²
386 4151 460 4200 ‘lsta
472 4166 563 4213 guerra
578 4156 634 4201 erat
644 4151 724 4213 seror,
739 4152 788 4201 sor·
814 4151 971 4215 contigeret!
1009 4154 1113 4218 Knight.
1132 4156 1166 4206 X.
1185 4155 1278 4218 Seript.

324 4223 367 4283 tis,
391 4229 416 4271 et
439 4223 558 4284 taediosa‚
577 4237 635 4272 nem
656 4225 681 4271 in
701 4223 790 4285 hyeme
814 4227 889 4274 etot.
903 4228 942 4274 18.
