2896 4860
560 403 745 453 lunatas.
1067 387 1135 459 285

178 555 317 639 Angliae
348 559 590 642 quamplurimi
618 560 653 623 in
679 559 847 624 descensu
881 562 1048 625 montium
1073 580 1131 625 oc·

178 668 366 723 currerunt.
434 660 599 724 Transita
623 679 703 723 vero
732 660 906 725 Sabaudia
936 661 980 724 ad
1012 660 1129 724 ludum
1145 677 1290 716 conmanunt

179 758 375 836 militarem,
400 761 459 842 qui
477 761 583 842 vulgo
607 760 890 824 Tomiamentum
914 761 1052 838 dicitur,
1070 781 1131 844 per
1146 727 1276 817 ihceh‘l‘l'l’

180 851 467 924 'Kabilonensem
503 861 662 925 comitem
709 861 886 927 invitatur.
954 855 1131 943 ²0ptabat
1144 833 1269 928 &nihilh

177 957 235 1021 ille
265 979 378 1023 comes
409 980 486 1023 cum
521 960 638 1024 multis
672 959 750 1023 aliis
782 960 937 1024 militiam
969 960 1131 1025 Edwardi
1145 929 1249 978 ‘mm'

179 1077 281 1141 opere
299 1061 461 1142 experiri,
477 1060 577 1145 cujus
596 1059 669 1143 jam
693 1060 786 1122 sama
803 1059 995 1141 repleverat
1013 1063 1129 1125 orbem

180 1166 301 1226 totum.
342 1159 499 1238 Quorum
517 1161 608 1225 votis
633 1160 907 1224 condescendens
926 1161 1130 1237 Edwardus,

178 1278 216 1323 se
233 1278 311 1323 cum
332 1260 498 1324 militibus
516 1261 600 1337 suis,
622 1260 703 1324 licet
727 1260 831 1340 longa
854 1261 1130 1342 peregrinatione

181 1359 330 1437 vexatis,
355 1368 488 1443 partem
512 1369 628 1425 tenere
658 1358 746 1424 velle
772 1368 893 1424 contra
914 1361 1073 1424 comitem
1096 1368 1131 1423 et

179 1478 261 1523 suos
283 1459 488 1542 proclamari
509 1459 603 1536 lecit,
631 1479 672 1524 ac
698 1479 933 1543 quoscumque
956 1461 1043 1525 alios
1066 1461 1130 1524 mi·

180 1559 259 1625 litcs
287 1554 543 1626 ³adventantes.
599 1560 666 1623 Die
691 1560 809 1642 itaque
835 1567 968 1626 statuto
989 1580 1131 1642 congre-

181 1658 324 1724 diuntur
353 1669 484 1743 partes,
509 1659 702 1743 gladiisque
734 1661 768 1724 in
801 1660 1005 1725 alterutrum
1037 1661 1131 1742 inge-

180 1760 348 1824 minantes
365 1760 467 1837 ictus,
485 1761 575 1824 vires
593 1779 675 1824 suas
692 1769 867 1827 exercent.
913 1759 1037 1824 Comes
1048 1780 1131 1825 vero

180 1879 325 1925 cuneum
350 1861 512 1924 Edwardi
539 1870 735 1943 penetrans,
766 1880 843 1925 cum
873 1862 949 1942 ipso
975 1862 1131 1925 cominus

180 1962 412 2043 congreditur,
440 1963 495 2024 cui
522 1961 659 2025 tandem
687 1959 824 2044 abjecto
850 1960 965 2042 gladio
987 1955 1129 2043 ⁴appro-

180 2060 291 2144 pians,
318 2061 443 2125 collum
468 2060 629 2124 Edwardi
656 2060 796 2124 brachio
830 2060 1071 2138 circumduxit,
1094 2070 1129 2125 et

181 2168 255 2225 tota
283 2161 485 2226 fortitudine
517 2161 736 2242 adstringens
766 2162 811 2224 ab
833 2180 921 2243 equo
949 2160 1130 2224 detrahere

179 2263 378 2325 conabatur.
431 2261 498 2324 Sed
518 2260 708 2324 Edwardus
725 2254 995 2341 ⁵[inllexihiliter
1018 2281 1055 2324 se
1079 2271 1126 2325 te·
1142 2278 1266 2370 gem„

180 2380 263 2424 nens
291 2369 455 2438 erectum,
484 2361 564 2424 dum
588 2360 746 2424 comitem
774 2361 840 2424 sibi
868 2362 975 2425 sensit
998 2361 1265 2425 firminsuecounu

180 2460 440 2543 adhaerentem]
469 2480 593 2543 equum
619 2460 772 2541 urgendo
795 2459 1000 2538 calcaribus,
1022 2461 1129 2526 comi·

180 2567 250 2625 tem
268 2581 291 2625 a
307 2561 393 2625 sella
411 2560 595 2637 abstraxit,
611 2580 712 2643 quem
731 2560 774 2624 ad
788 2559 913 2624 collum
930 2580 1031 2627 suum
1049 2581 1128 2645 pen·

179 2659 316 2725 dentem
340 2662 462 2726 lortius
480 2681 502 2724 a
525 2681 562 2724 se
580 2661 771 2735 excutiens
789 2661 824 2723 in
847 2668 973 2723 terram
992 2660 1128 2744 dejecit.

182 2759 451 2826 commoventur
487 2761 612 2824 exinde
648 2754 933 2842 ⁶Burgundiones
962 2760 998 2825 in
1030 2762 1129 2837 iram,
1180 2799 1183 2804 -

180 2859 338 2947 (jamque
361 2862 562 2925 exercitium
586 2880 757 2925 armorum
780 2860 815 2923 in
838 2859 998 2924 hostilem
1023 2860 1130 2925 insul·

180 2968 265 3039 tum,
298 2971 501 3046 coeptusque
527 2961 627 3025 ludus
660 2960 820 3025 bellicum
842 2960 989 3025 vertitur
1014 2961 1049 3023 in
1075 2967 1132 3024 tn·

180 3061 357 3146 multum)
374 3082 531 3145 quorum,
550 3061 696 3125 adversa
714 3069 812 3143 parte
833 3069 872 3124 ut
889 3061 982 3125 vices
997 3053 1133 3143 'repen-

181 3162 242 3226 dat
258 3162 381 3227 lortius
403 3162 595 3239 insistente,
613 3160 786 3242 frangitur
805 3161 966 3243 impetus,
984 3161 1133 3243 caesique

182 3262 320 3326 cedunt.
388 3256 567 3326 ⁸Posthaec
602 3260 743 3343 paulum
776 3260 986 3325 refocillatus
1019 3279 1223 3329 comesum..

1145 3331 1284 3373 ncondtlme

183 3362 391 3429 Edwardum
422 3363 572 3426 secundo
595 3361 806 3442 aggreditur,
836 3361 936 3445 cujus
966 3381 1070 3443 super
1095 3381 1260 3481 segem.

181 3482 320 3529 manum
350 3464 502 3527 sentiens
537 3461 723 3543 aggravari
752 3454 900 3524 ⁹dedidit
929 3480 967 3527 se
1001 3461 1130 3540 eidem3
1145 3483 1270 3574 mnu

1146 3594 1217 3634 young
1225 3582 1285 3631 king.

216 3703 224 3736 ¹
242 3706 453 3754 ‘Kabilaneneem
463 3703 478 3763 ;’
491 3696 645 3763 D’A.:pro·
705 3698 785 3749 ‘The
801 3701 887 3749 clause
907 3701 997 3750 within
1016 3702 1134 3751 brackets

181 3776 252 3837 perly
264 3779 272 3804 ⁸
282 3776 492 3826 catalaunensem
500 3768 514 3821 ε’
525 3772 643 3822 i.e.Cha·
670 3771 692 3819 is
704 3771 808 3820 omitted
821 3772 847 3818 in
858 3769 905 3821 Ar.

181 3847 246 3896 lons.
706 3836 717 3866 ⁶
731 3841 958 3903 ‘Burgundionum
967 3834 982 3899 ;’
994 3840 1040 3890 Ar.
1052 3845 1111 3892 22⁰.

215 3928 225 3959 ¹
241 3929 373 3991 ‘Optabat
383 3929 448 3977 enim
460 3930 515 3989 ipse
532 3943 616 3977 comes
628 3929 644 3988 ;’
704 3906 715 4007 Ξ
730 3906 909 3973 ‘rependente
922 3907 992 3960 Μ·
1058 3976 1066 3996 ἱ

180 4002 256 4052 ΜΛ
268 4001 314 4049 Ar,
734 3982 817 4029 ‘Post
838 3980 885 4028 hoc
907 3980 1058 4042 paululum
1087 3980 1134 4031 Ar.

216 4096 228 4129 ⁸
243 4098 422 4146 ‘advenientes
432 4094 448 4154 3'
461 4096 499 4145 M.
508 4101 532 4144 et
543 4097 589 4144 Ar.
670 4054 740 4147 ²²9⁹«
749 4134 777 4168 ,e
795 4120 865 4170 dedi,
878 4115 891 4179 3⁸
909 4121 963 4169 M·:
984 4120 1069 4168 ‘dedit
1080 4135 1108 4168 ω
1117 4115 1133 4178 ;’

218 4193 228 4224 ⁴
244 4193 428 4255 ‘approprians
436 4186 451 4252 ;‘
472 4192 533 4240 Cod.
544 4191 608 4252 Reg.
669 4189 784 4240 Auito.
