2896 4860
541 413 722 463 annaeus.
1037 399 1103 463 263

150 577 185 631 et
207 567 308 646 lilios,
337 570 488 635 famosus
518 571 583 634 fuit
608 569 799 635 advocatus
825 578 860 636 et
886 572 1102 637 consiliarius

152 666 242 748 regis
268 668 487 733 Francorum.
542 669 685 735 Mortua
710 690 793 735 vero
816 688 936 750 uxore,
961 680 1102 756 propter

152 767 258 830 vitam
293 771 431 846 bonam,
454 777 636 845 ¹sanctum,
669 778 704 833 et
737 771 956 849 laudabilem,
989 773 1101 854 primo

153 864 334 932 Podiensis
362 871 543 951 episcopus
570 867 726 946 efficitur,
756 889 797 935 ac
823 870 945 935 deinde
969 872 1100 936 archie-

150 965 313 1049 piscopus
338 968 584 1044 Narbonensis
609 968 744 1033 tandem
774 969 818 1033 ad
849 970 1100 1036 cardinalatum

153 1075 363 1149 assumptus,
384 1069 422 1133 fit
447 1068 628 1151 episcopus
646 1067 865 1147 Sabinensis3
894 1071 953 1152 qui
977 1090 1054 1136 cum
1078 1089 1100 1134 a

152 1182 245 1247 papa
266 1166 410 1232 Urbano
434 1169 556 1231 missus
580 1167 704 1231 fuisset
724 1168 861 1250 legatus
879 1168 916 1232 iu
936 1169 1100 1252 Angliam

153 1282 216 1344 pro
248 1269 342 1347 pacis
374 1266 626 1344 reformatione,
659 1268 783 1332 absens
817 1268 946 1332 electus
981 1275 1034 1333 est
1065 1268 1100 1331 in

154 1356 305 1446 ¹papam.
358 1365 500 1430 Claram
526 1367 579 1429 his
612 1368 823 1448 temporibus
852 1367 995 1432 Parisiis
1023 1367 1102 1432 doc·

154 1469 246 1526 tores
283 1466 400 1528 eximii
442 1466 549 1530 irater
579 1465 732 1530 Thomas
771 1467 814 1530 de
845 1465 985 1549 Aquino
1014 1468 1104 1531 iuter

154 1559 415 1641 Praedicatores,
436 1565 684 1630 Bonaventura
707 1565 798 1629 inter
817 1566 980 1631 Minores.

182 1819 207 1856 D.
221 1821 246 1856 N.
257 1821 277 1857 J.
288 1821 311 1858 0.
404 1825 426 1859 Ρ.
440 1825 602 1861 ROMANORUM
615 1827 640 1863 a.
733 1826 886 1862 PRANCORUM
939 1825 1077 1861 ANGLORUM

197 1908 304 1946 uocuxv.
355 1910 493 1946 cucurreris
505 1910 539 1949 ιν.
581 1910 682 1947 aronam
730 1912 842 1948 conovrcr
854 1912 891 1949 rx.
934 1911 1036 1948 uramur
1047 1911 1087 1948 ur.

438 1972 462 2017 l.
612 1972 653 2018 lu.
792 1972 831 2019 ³9.
990 1972 1032 2018 49.

199 2153 317 2218 quen
349 2158 491 2220 comites
523 2156 720 2222 Leicestriee
749 2155 934 2239 Symonem
958 2162 993 2219 et
1016 2152 1236 2220 Glareanus.

155 2256 282 2318 verulae
301 2254 517 2320 Gilebertum
537 2256 602 2322 hac
619 2257 800 2321 occasione
817 2254 942 2318 dicitur
961 2253 1103 2317 suborta
1114 2229 1265 2320 liliinbifm

153 2354 320 2419 simultas.
374 2354 499 2420 Comes
519 2356 611 2420 euim
637 2354 833 2420 Leicestriae
850 2372 918 2417 nun
941 2360 993 2416 est
1023 2371 1103 2416 con·

155 2458 271 2517 tentus
304 2474 419 2536 regem
448 2455 589 2536 Anglim
618 2474 641 2518 a
671 2474 709 2518 se
739 2454 916 2536 captivum
945 2451 1104 2528 detineri,

156 2571 274 2615 verum
301 2562 416 2617 castra
443 2555 539 2636 regia
564 2553 599 2617 in
621 2553 785 2617 ditionem
809 2553 983 2635 propriam
1006 2570 1103 2615 acee-

155 2652 219 2733 pit,
239 2653 425 2737 disponens¹
450 2672 514 2737 pro
539 2654 638 2718 libitu
662 2672 726 2716 suo
744 2670 887 2733 reguum
911 2659 1035 2729 totum,
1050 2644 1106 2715 ²et

155 2750 170 2837 (
182 2752 273 2833 quod
305 2754 478 2836 praecipue
511 2749 730 2836 offendebat)
768 2757 958 2834 proventus
993 2749 1106 2832 regui,

153 2854 473 2935 redemptionesque
527 2853 742 2935 captivorum
805 2850 1106 2932 emolumentaque

156 2951 237 3028 alia,
271 2971 350 3033 quae
388 2952 478 3017 inter
515 2971 575 3017 eos
610 2971 712 3034 aequa
747 2958 840 3016 sorte
879 2944 1104 3034 ³[secundum

156 3052 394 3116 conventionis
421 3051 582 3138 formam]
611 3051 718 3116 dividi
743 3051 925 3129 debebant,
948 3051 1013 3114 sibi
1040 3049 1106 3114 soli

157 3152 311 3217 totaliter
349 3151 557 3216 vindicabat.
614 3151 648 3215 A
682 3151 762 3215 filiis
792 3169 930 3232 quoque
962 3150 1038 3233 ejus
1070 3150 1106 3212 in

156 3252 350 3333 superbiam
389 3252 512 3317 erectis
550 3244 778 3333 ⁴contemptui
822 3249 1004 3313 videbatur
1045 3247 1106 3311 ha-

156 3350 239 3413 beri.
291 3350 403 3433 Super
419 3350 472 3414 his
497 3370 558 3433 per
575 3349 732 3414 comitem
753 3347 968 3412 Gilebertum
991 3347 1107 3429 requi-

157 3450 257 3526 situs,
289 3458 500 3532 rogatusque
529 3459 570 3515 ut
597 3468 711 3531 regem
742 3447 969 3524 Alamanniae,
1001 3465 1105 3529 quos·

157 3546 305 3632 dumque
323 3550 410 3614 alios
430 3551 587 3633 captivos
604 3548 748 3626 nobiles,
763 3568 825 3631 per
840 3549 954 3631 ipsum
969 3554 1005 3610 et
1024 3565 1107 3610 suos

158 3648 194 3712 iu
222 3647 313 3713 bello
341 3657 474 3731 captos,
504 3649 570 3711 sibi
593 3647 769 3728 redderet3
805 3666 883 3712 cum
906 3645 1030 3712 leviter
1054 3665 1108 3711 re·

158 3748 367 3830 spondisset,
390 3748 552 3812 inchoata
582 3746 755 3813 discordia
782 3746 948 3811 radicitus
974 3752 1027 3810 est
1051 3745 1110 3807 fir-

158 3853 262 3911 mata.
306 3847 496 3912 Discedens
514 3849 641 3931 quippe
652 3846 730 3912 cum
745 3847 982 3928 indignatione
995 3863 1108 3910 comes

196 4054 379 4120 ¹‘pupatum5'
391 4059 438 4108 Ar.
686 4053 909 4118 'Suppliedirom
919 4054 1016 4106 Μ.ωά
1027 4054 1074 4106 Ar.

194 4126 205 4156 ²
220 4132 227 4157 ‘
240 4134 265 4177 et
277 4129 405 4189 praecipue
416 4128 558 4178 offendebat
569 4143 625 4190 pro·

159 4204 249 4249 reulus
258 4193 272 4257 ς’
285 4199 323 4247 Μ.
336 4203 360 4247 et
371 4198 418 4248 Ar.
685 4193 694 4224 ⁴
711 4197 870 4258 ‘contemptu
882 4191 895 4257 ς’
906 4195 953 4244 Ar.
