2896 4860
526 420 708 471 inurens.
1025 405 1090 472 321

138 586 286 643 nuerunt
312 579 428 644 statim
454 581 558 663 regiae
585 581 757 664 petitioni,
789 579 955 645 consectis
985 599 1090 663 super

137 678 202 743 boc
224 678 348 743 litteris
375 689 410 745 et
432 682 476 744 ab
496 682 623 746 eisdem
650 682 811 764 signatis,
831 680 1087 746 continentibus

136 779 172 843 in
193 778 329 845 Gallico
345 781 436 845 bunc
456 790 605 846 tenorem
620 776 650 846 :¹

186 879 382 945 ‘Omnibus
411 892 599 965 praesentes
630 882 764 947 litteras
787 880 913 947 visuris
938 882 994 946 vel
1021 902 1082 948 au·
1098 894 1201 986 &W

1159 948 1226 988 cotisb

136 981 273 1058 dituris‚
305 981 501 1047 Florentius
528 1002 642 1047 comes
677 981 875 1059 Holandiae,
910 982 1197 1096 Robertusfflss

136 1081 178 1144 de
205 1082 296 1146 Brus
325 1082 483 1147 dominus
507 1082 622 1147 Vallis
648 1083 829 1160 Anandiae‚
858 1081 1014 1149 Joannes
1042 1084 1225 1188 demptam

137 1181 286 1247 Bulliolo
314 1183 472 1247 dominus
502 1182 698 1261 Galwidiae,
730 1182 885 1249 Joannes
913 1183 956 1248 de
990 1182 1193 1248 Has-mma.

136 1282 249 1364 tinges
279 1283 437 1348 dominus
464 1281 753 1366 Abergavenniae,
780 1283 938 1348 Joannes
961 1282 1083 1349 Comin

135 1380 293 1447 dominus
309 1384 351 1448 de
370 1384 549 1462 Badenau‚
562 1384 737 1449 Patricius
751 1385 793 1448 de
812 1385 958 1448 Dunbar
970 1405 1084 1449 comes

137 1482 316 1562 Marcbiae,
338 1484 493 1550 Joannes
517 1484 559 1549 de
575 1484 680 1550 Vesci
705 1485 778 1550 vice
804 1486 999 1567 patrissui,
1019 1485 1084 1549 Ni·

135 1584 253 1648 colaus
278 1584 321 1649 de
351 1586 464 1662 SuIes,
488 1585 685 1650 Willelmus
707 1584 750 1649 de
769 1585 856 1662 Ros,
879 1585 1026 1649 salutem
1049 1586 1084 1649 in

137 1684 296 1749 Domino.
349 1685 439 1765 Quia
460 1687 503 1751 de
533 1687 625 1750 bona
650 1686 829 1751 voluntate
854 1694 889 1750 et
911 1687 1082 1750 communi

135 1803 292 1862 assensu,
309 1787 383 1851 sine
409 1788 501 1851 omni
516 1780 723 1864 ²coactione,
746 1788 930 1851 annuimus
947 1793 982 1851 et
998 1806 1081 1850 con·

135 1887 301 1950 cessimus
320 1887 423 1952 nobili
441 1888 587 1971 principi
604 1887 742 1952 domino
760 1887 945 1964 Edwardo,
968 1888 1083 1969 gratia

138 1986 206 2049 Dru
233 1988 305 2070 regi
330 1985 482 2069 Angliae‚
509 1988 601 2071 quod
623 1989 699 2070 ipse
726 1994 904 2070 tamquam
926 1988 1083 2069 superior

135 2085 293 2150 dominus
311 2094 411 2152 terrae
431 2089 558 2152 Scotiae
581 2088 691 2172 possit
714 2088 845 2164 audire,
872 2087 1082 2163 examinare,

134 2195 170 2250 et
199 2186 343 2253 diffinire
374 2189 630 2253 vendicationes
660 2176 797 2252 nostras
822 2194 857 2252 et
886 2188 1082 2271 petitiones,

134 2306 222 2370 quas
247 2287 456 2353 intendimus
483 2289 664 2353 ostendere
688 2297 723 2353 et
750 2290 896 2372 probare
921 2308 984 2370 pro
1002 2288 1082 2372 jure

134 2396 253 2453 nostro
281 2390 474 2473 recipiendo
500 2410 616 2454 coram
640 2409 693 2466 eo,
721 2397 884 2473 tanquam
914 2390 1082 2471 superiori

133 2488 272 2554 domino
294 2500 417 2568 terrae3
453 2491 692 2573 promittentes
723 2489 864 2571 insuper
894 2489 985 2571 quod
1011 2489 1082 2553 sac·

135 2597 206 2652 tum
222 2610 321 2654 suum
346 2591 547 2655 habebimus
575 2591 708 2654 firmum
727 2599 762 2655 et
778 2591 914 2666 stabile,
938 2598 973 2655 et
989 2590 1082 2672 quod

133 2688 191 2752 ille
223 2692 392 2756 obtinebit
418 2711 563 2774 regnum
590 2691 729 2768 Scotiae,
753 2690 813 2775 jus
840 2689 939 2773 cujus
966 2690 1082 2773 potius

133 2788 365 2856 declarabitur
378 2812 494 2857 coram
510 2813 563 2857 eo.
616 2791 705 2857 Cum
729 2800 843 2856 autem
869 2811 938 2855 nou
964 2798 1082 2873 posset

133 2891 299 2971 praefatus
332 2914 392 2957 rex
430 2893 569 2975 Angliae
610 2893 678 2957 isto
717 2891 819 2956 modo
850 2890 1080 2974 cognitionem

134 2990 246 3056 t'acere
274 3012 336 3057 nec
363 2993 535 3076 complere
557 2992 631 3057 sine
652 2990 798 3076 judicio,
821 3011 883 3055 nec
910 2989 1080 3074 judicium

133 3089 257 3158 debeat
274 3113 349 3157 esse
371 3094 445 3157 sine
470 3094 703 3170 exsecutione,
731 3113 793 3157 nec
823 3093 1079 3156 exsecutionem

132 3193 242 3275 possit
275 3194 391 3258 debito
422 3194 524 3258 modo
559 3194 671 3257 facere
700 3193 775 3257 sine
802 3192 1018 3277 possessione
1046 3201 1081 3256 et

132 3294 260 3359 seisina
290 3295 443 3378 ejusdem
466 3302 566 3358 terrae
591 3302 625 3358 et
641 3302 832 3358 castrorum
854 3292 942 3377 ejus,
966 3285 1081 3357 ³volu-

133 3413 208 3457 mus
235 3403 270 3459 et
293 3395 476 3459 annuimus
505 3402 540 3458 et
562 3393 779 3458 concedimus
797 3394 888 3476 quod
908 3394 981 3475 ipse
1006 3401 1080 3456 tan-

133 3514 234 3576 quam
271 3495 430 3559 dominus
459 3495 615 3578 superior
647 3494 690 3556 ad
721 3493 964 3577 perficiendum
993 3512 1082 3576 prae-

132 3593 224 3658 dicta
251 3594 378 3660 babeat
410 3595 571 3660 seisiuam
614 3595 720 3658 totius
756 3601 858 3658 terrae
891 3592 1017 3657 Scotiae
1046 3602 1081 3658 et

132 3703 322 3759 castrorum
348 3697 436 3780 ejus,
462 3715 640 3778 quousque
653 3695 713 3779 jus
739 3695 774 3758 in
791 3713 935 3775 regnum
961 3701 1079 3775 peten-

133 3796 224 3859 tibus
252 3797 355 3861 suerit
382 3795 622 3874 satisfactum
650 3796 700 3859 ita
725 3804 841 3859 tamen
867 3791 959 3876 quod
986 3799 1083 3857 ante-

130 3915 234 3979 quam
269 3897 395 3962 habeat
429 3898 603 3973 seisinam,
637 3898 761 3960 bonam
791 3903 827 3960 et
856 3892 1080 3959 sufficientem

166 4106 174 4138 ¹
192 4109 245 4157 'l'he
256 4109 363 4172 original
375 4124 432 4170 may
445 4110 476 4157 be
494 4122 553 4156 seen
565 4108 590 4155 in
653 4103 664 4137 ³
680 4106 734 4155 The
745 4111 861 4157 sentence
878 4105 940 4154 from
950 4106 1001 4155 this
1011 4106 1082 4157 word

131 4180 225 4228 Dunst.
237 4195 263 4241 p.
276 4185 333 4241 596,
345 4180 395 4229 and
413 4179 489 4227 Hem.
505 4194 532 4240 p.
545 4181 584 4226 85.
619 4182 644 4226 to
656 4177 818 4240 ‘quousque'
830 4192 846 4226 a
857 4176 907 4227 few
917 4178 982 4226 lines
990 4177 1083 4237 below,

165 4247 176 4277 ³
189 4250 403 4302 ‘conbsdictioue
413 4245 427 4311 ;’
440 4244 507 4299 ΠΛ.
620 4248 642 4298 is
653 4249 757 4297 omitted
768 4249 801 4310 by
814 4248 882 4299 D'A.

909 4341 932 4385 Υ
