2896 4860
566 415 752 468 anninus,
1094 403 1138 469 93

178 572 284 640 Vedo
310 574 434 652 Jacob,
465 582 501 639 et
522 575 608 640 illud
634 575 802 641 violenter
823 576 927 659 cepit,
951 595 1138 661 omnesque

179 676 217 740 in
233 675 601 740 eoinventosoccidit.
982 734 987 741 .

226 774 322 840 Obiit
358 775 520 859 Rogerus
554 775 808 858 wigorniensis
851 775 1045 860 episcopus,
1085 778 1139 840 vir

179 877 333 940 moribus
364 876 529 941 honestus
563 882 599 940 et
630 893 776 958 genere;
815 883 891 940 erat
927 879 1018 942 enim
1046 877 1137 941 filius

181 975 328 1040 Roberti
361 976 497 1042 comitis
528 975 740 1053 Gloverniae,
768 976 829 1040 filii
863 975 1007 1040 Henrici
1037 978 1138 1061 primi

181 1075 377 1158 Anglorum
393 1076 495 1159 regis.

232 1174 313 1240 Hoc
335 1195 426 1241 anno
448 1175 571 1240 initum
594 1182 649 1240 est
662 1175 775 1240 soedus
798 1175 888 1240 inter
909 1197 1008 1259 reges
1026 1177 1135 1241 Fran·
1148 1192 1225 1283 uultu

178 1295 297 1340 corum
316 1283 352 1340 et
368 1274 562 1357 Anglorum
586 1296 647 1359 per
661 1275 794 1340 litteras
815 1277 1030 1341 continentes
1049 1254 1173 1341 hancco
1148 1295 1202 1333 aa
1173 1243 1264 1333 ’κὀιῖῗιαἱ

1148 1343 1222 1393 fleury
1231 1343 1273 1383 and

179 1375 348 1440 formam.
1149 1394 1185 1433 the
1195 1394 1277 1433 Freneh

231 1479 243 1510 ‘
256 1474 333 1557 Ego
359 1473 543 1558 Phiiippus
570 1475 641 1539 Dm
670 1475 785 1556 gratia
810 1496 871 1541 rex
901 1475 1071 1557 Franciae,
1102 1443 1208 1544 (11ῗῖῗέ
1216 1495 1248 1533 ²⁸

179 1594 247 1658 ego
284 1576 458 1640 Henricus
493 1575 612 1640 eadem
644 1575 758 1657 gratia
792 1595 855 1640 rex
898 1575 1048 1659 Angliae,
1092 1581 1136 1644 ad

180 1676 334 1739 omnium
352 1674 511 1740 volumus
538 1682 608 1739 tam
631 1676 851 1758 praesentium
877 1697 980 1760 quam
1002 1678 1137 1744 sutoro·

181 1795 258 1839 rum
275 1776 455 1859 pervenire
470 1774 640 1853 notitiam,
656 1776 747 1858 quod
765 1775 879 1840 soedus
894 1785 929 1842 et
946 1779 1134 1844 amicitiam

181 1873 249 1939 fide
288 1874 401 1939 media
436 1884 472 1940 et
505 1884 719 1940 sacramento
749 1874 1001 1955 innovavimus,
1033 1899 1137 1962 quam

181 1973 342 2040 dominus
363 1994 462 2040 meus
485 1995 548 2039 rex
578 1975 788 2040 Francorum
815 1986 849 2041 et
874 1996 939 2059 ego
964 1977 1138 2044 Henricus

181 2094 245 2139 rex
265 2074 403 2158 Angliae
426 2076 695 2139 formaveramus
715 2076 882 2140 internos
900 2077 992 2161 apud
1009 2071 1137 2158 ¹Luen,

182 2174 218 2240 in
242 2174 428 2259 praesentia
450 2174 547 2241 Petri
571 2175 755 2240 cardinalis
778 2185 813 2241 et
835 2176 977 2242 Ricardi
999 2178 1137 2244 Winto·

180 2275 509 2359 niensis-episcopm
533 2283 569 2339 et
592 2284 632 2340 ut
655 2275 745 2339 inter
769 2295 832 2340 nos
855 2277 996 2342 tollatur
1014 2279 1137 2343 amodo

180 2377 294 2440 omnis
312 2375 458 2441 materia
475 2375 667 2453 discordiae,
682 2376 913 2440 concessimus
927 2377 971 2441 ad
989 2377 1137 2443 invicem

180 2475 276 2558 quod
297 2475 340 2540 de
365 2475 466 2541 terris
487 2483 523 2539 et
543 2475 829 2559 possessionibus,
855 2485 891 2541 et
916 2477 958 2541 de
981 2479 1138 2542 omnibus

181 2575 262 2640 aliis
279 2577 380 2640 rebus
395 2595 481 2659 quas
499 2573 676 2653 habemus,
692 2575 780 2640 alter
797 2569 979 2640 ²adversus
991 2578 1138 2642 alterum

180 2675 269 2740 nihil
286 2676 409 2741 amodo
424 2682 531 2759 petet,
547 2683 694 2758 excepto
710 2694 751 2740 eo
766 2676 809 2740 de
828 2674 992 2755 Avernia,
1009 2678 1051 2742 de
1067 2698 1138 2762 quo

181 2783 237 2842 est
259 2777 351 2841 inter
373 2795 436 2839 nos
461 2775 648 2854 contentio,
672 2782 708 2839 et
723 2784 871 2859 excepto
888 2776 989 2841 t'eodo
1006 2777 1048 2842 de
1063 2798 1137 2842 cas·

180 2884 237 2942 tro
261 2874 451 2960 Radulphi,
469 2882 504 2941 et
521 2875 677 2959 exceptis
694 2867 852 2941 ³minutis
874 2883 909 2941 et
928 2876 1047 2942 divisis
1072 2885 1138 2943 ter·

180 2994 297 3040 rarum
315 2983 511 3041 nostrarum
526 2977 568 3039 de
584 2975 696 3052 Berri,
711 2975 741 3039 si
755 2976 911 3041 homines
930 2978 1038 3041 nostri
1054 2979 1136 3061 quid

179 3074 261 3141 inde
275 3076 540 3160 interceperant,
553 3076 609 3140 vel
627 3076 717 3140 inter
731 3096 769 3140 se
786 3076 842 3141 vel
864 3077 1030 3141 adversus
1052 3078 1139 3142 alte·

180 3194 258 3239 rum
276 3183 443 3241 nostrum.
494 3174 532 3240 Si
551 3183 667 3240 autem
683 3176 867 3259 superbis,
885 3198 963 3261 quae
981 3178 1137 3260 superius

180 3284 330 3359 excepta
346 3284 439 3354 sunt,
460 3294 522 3357 per
542 3275 769 3358 nosmetipsos
787 3279 971 3342 convenire
988 3297 1056 3341 non
1075 3298 1138 3361 po·

181 3375 362 3454 tuerimus,
385 3395 450 3459 ego
479 3373 663 3458 Philippus
687 3395 749 3440 rex
776 3376 933 3441 Franciae
954 3377 1043 3460 elegi
1069 3385 1140 3443 tres

180 3475 363 3559 episcopos
396 3483 433 3541 et
468 3482 538 3538 tres
565 3475 724 3552 barones,
755 3467 831 3559 ⁴qui
862 3476 927 3540 hoc
956 3477 1047 3541 inter
1076 3497 1139 3541 nos

179 3572 308 3654 dicent,
324 3586 360 3640 et
376 3595 438 3640 nos
459 3593 578 3638 eorum
598 3575 691 3639 dicto
712 3576 805 3640 bona
825 3576 892 3640 fide
907 3575 1050 3641 firmiter
1067 3582 1140 3640 sta-

179 3674 302 3739 bimus.
355 3676 444 3740 Haec
463 3682 578 3738 autem
602 3675 717 3739 omnia
737 3676 974 3759 suprascripta
995 3696 1057 3741 nos
1077 3678 1140 3740 ob·

222 3913 366 3981 ¹‘Luer13'
390 3919 430 3968 Μ.
449 3923 475 3968 et
497 3916 563 3967 Aa:
594 3917 649 3967 also
709 3914 836 3979 ⁸Supply
858 3918 993 3978 ‘feodis;'
1020 3916 1086 3967 Rad.
1114 3918 1145 3967 of

180 3985 282 4036 liudolf
306 3988 339 4038 de
365 3989 469 4052 Diceto,
492 3989 528 4040 X.
554 3988 648 4052 script.
674 3987 778 4047 Diceto,
789 3988 823 4037 X.
834 3989 928 4048 script.
940 3988 989 4037 coi.
998 3991 1056 4038 614.
1070 3992 1110 4038 11.

180 4056 231 4107 eol.
243 4060 301 4107 ⁶1⁰.
312 4063 354 4109 66.
709 4055 719 4084 ⁴
734 4058 776 4106 ‘et
787 4072 835 4120 ego
849 4058 978 4106 Henricus
988 4072 1033 4106 rex
1044 4059 1143 4121 Anglo·

673 4143 728 4176 rum
748 4128 814 4190 elegi
830 4132 881 4177 tres
895 4128 1028 4189 episcopos
1046 4133 1072 4177 et
1089 4133 1140 4178 tres

215 4193 227 4225 ³
242 4196 252 4225 ⁴
264 4202 352 4248 mnus
361 4190 378 4261 ἰ
390 4199 429 4252 Μ.
440 4202 465 4249 et
476 4197 524 4249 Ar.
673 4199 789 4260 barones,
800 4197 845 4259 qui
857 4198 914 4248 haec
923 4192 938 4259 ;’
951 4196 1000 4247 Ar.
