2896 4860
330 364 395 429 144
688 379 761 428 nro.
784 379 930 427 rnrvnrr

328 558 405 602 cum
440 538 627 602 commixta
664 547 766 620 gente
798 538 944 602 diversa.
997 537 1139 603 Irruunt
1170 539 1277 605 Turci

233 630 239 642 '
326 638 475 703 clamore
505 638 685 714 horrendo,
717 641 759 704 ad
790 658 935 720 qnorum
965 638 1113 721 impetus
1144 642 1275 723 excipi·

326 738 432 802 endos
464 737 653 802 Christiani
686 739 811 803 milites
838 759 875 803 se
905 741 1085 821 aptabant,
1113 740 1274 804 dextrum

324 858 416 920 genu
428 838 502 902 solo
513 838 670 920 figentes,
683 839 875 922 pedumque
892 838 1091 903 dextrorum
1110 840 1275 905 articulos

323 937 508 1020 affigebant
531 940 566 1002 in
589 948 702 1012 terra;
731 940 835 1022 pedes
852 958 934 1003 vero
956 939 1114 1020 sinistros
1135 940 1273 1005 sinuato

324 1038 455 1121 poplite
476 1038 667 1102 habebant:
695 1058 816 1103 manus
842 1037 991 1102 sinistrae
1019 1039 1183 1103 tenebant
1204 1040 1274 1124 cly-

324 1157 420 1220 peos,
442 1138 574 1202 dextrae
597 1140 747 1215 lanceas,
774 1157 919 1221 quarum
941 1139 1056 1220 capita
1082 1140 1275 1221 posteriora

324 1239 360 1301 iu
378 1246 470 1304 terra
484 1238 701 1320 figebantur3
724 1239 898 1303 anteriora
913 1258 1008 1315 vero,
1032 1258 1110 1302 cnm
1132 1240 1274 1322 cuspide

323 1338 463 1415 serrata,
496 1339 703 1403 adversariis
735 1339 943 1403 irruentibus
973 1339 1133 1420 opposita
1163 1333 1275 1403 ¹tene·

324 1439 417 1502 bant.
481 1438 561 1502 Rex
592 1440 681 1502 inter
712 1439 885 1521 quoslibet
919 1438 1005 1501 duos
1040 1439 1089 1502 sic
1122 1445 1273 1522 aptatos,

324 1537 410 1602 duos
435 1539 558 1602 statuit
582 1539 790 1613 balistarios,
820 1558 966 1621 qnorum
992 1539 1095 1602 nnius
1125 1536 1273 1603 officium

324 1646 398 1701 erat
413 1638 584 1715 tendendi,
599 1638 740 1702 alterins
752 1639 886 1722 jugiter
903 1637 974 1721 pila
983 1637 1133 1722 jaciendi
1148 1657 1158 1718 3
1180 1640 1273 1722 quod

324 1757 392 1802 non
414 1737 583 1803 modicum
609 1740 725 1802 nocuit
741 1738 909 1813 hostibus,
929 1746 964 1801 et
983 1738 1167 1819 plurimum
1194 1759 1274 1821 pro·

323 1836 388 1902 suit
417 1837 630 1901 Christianis.
683 1837 833 1902 Hostilis
857 1838 1029 1901 exercitus
1059 1856 1121 1920 per
1143 1848 1275 1921 septem

281 1990 284 1996 .
324 1946 398 2001 erat
419 1938 596 2002 ordinatus
619 1938 710 2000 acies
735 1946 770 2002 et
787 1947 930 2014 turmas,
949 1956 1094 2019 quarum
1111 1939 1276 2019 quaelibet

324 2039 422 2119 quasi
445 2038 592 2101 millenis
613 2040 795 2102 constabat
817 2037 998 2121 equitibus.
1044 2038 1182 2101 Harum
1203 2040 1274 2121 pri·

324 2157 381 2201 ma
408 2138 573 2201 militibus
602 2136 807 2202 Christianis
835 2137 1000 2220 praedicto
1028 2138 1129 2202 modo
1160 2139 1275 2222 dispo

325 2238 401 2301 sitis
428 2230 668 2320 'appropians
688 2258 765 2301 cum
781 2238 855 2322 jam
879 2239 1071 2301 immineret
1098 2239 1275 2317 irruitura,

325 2338 408 2419 quia
429 2337 645 2402 Christianos
663 2338 810 2402 attendit
831 2338 1034 2414 immobiles
1056 2338 1171 2403 subito
1192 2341 1277 2403 resi·

324 2437 411 2501 licus
443 2438 582 2502 divertit
616 2439 660 2502 ab
690 2439 739 2502 eis
772 2440 807 2502 in
838 2445 993 2520 partem;
1023 2437 1142 2501 eodem
1172 2439 1275 2503 modo

325 2538 476 2602 secunda
494 2539 597 2614 acies,
616 2545 651 2602 et
668 2540 783 2615 tertia,
804 2538 1013 2620 reliquaeque
1037 2537 1137 2602 modo
1160 2539 1277 2615 simili,

327 2657 404 2702 cum
416 2638 490 2722 jam
512 2639 666 2702 cominus
684 2639 880 2702 viderentur
901 2637 1120 2720 praeliaturae,
1136 2646 1279 2704 versuta

327 2738 516 2803 calliditate
544 2739 579 2802 in
606 2745 739 2819 partem
765 2739 909 2802 alteram
937 2737 1038 2801 flexis
1063 2738 1147 2802 loris
1168 2757 1276 2822 equos

216 2878 243 2908 m
328 2839 472 2903 celerius
504 2831 740 2920 ³regyrahant.
806 2835 907 2916 Quod
939 2856 1016 2901 cum
1050 2857 1112 2902 rex
1145 2837 1277 2902 diutius

223 2929 251 2967 ¹¹⁸
328 2931 590 3022 ⁴perspexisset,
621 2957 690 3000 nou
716 2938 890 3002 aestimans
919 2956 978 3000 eos
1005 2936 1098 3000 aliud
1124 2944 1277 3017 acturos,

330 3059 406 3103 cum
431 3039 484 3103 his
510 3039 569 3121 qui
591 3056 697 3120 equos
721 3038 902 3115 habebant,
927 3036 1074 3100 subditis
1099 3056 1187 3120 equo
1206 3039 1277 3102 cal·

330 3141 477 3215 caribus,
502 3139 657 3202 demissis
687 3137 817 3201 lanceis
846 3137 1080 3201 vehementius
1108 3139 1278 3218 agebatur

328 3239 364 3302 in
383 3240 518 3303 turbam
534 3239 683 3302 hostium
702 3237 915 3315 densiorem3
943 3231 1182 3320 ⁵consert0que
1199 3257 1277 3320 gra·

329 3338 469 3402 sissimo
497 3338 628 3421 praelio,
662 3359 724 3402 rex
758 3338 917 3401 comitem
948 3336 1157 3414 Leicestriae,
1189 3358 1278 3420 equo

328 3439 511 3521 dejectum,
544 3439 744 3502 defensurus
777 3437 918 3501 advenit
945 3437 1059 3512 citius,
1086 3429 1205 3521 ⁶eique
1232 3438 1276 3502 ad

328 3537 557 3602 scandendum
578 3558 702 3620 equum
725 3537 925 3619 obsequium
950 3537 1131 3618 praestitit3
1156 3537 1276 3602 videns

328 3639 432 3702 etiam
447 3637 669 3720 Radnlphum
686 3637 728 3701 de
746 3636 976 3701 Malo-Leone
993 3637 1168 3719 captivum
1188 3638 1277 3702 trahi

329 3740 372 3802 ab
393 3738 560 3813 hostibus,
579 3738 723 3801 celerius
744 3737 903 3814 accurrit,
920 3746 991 3801 eta
1013 3737 1171 3800 manibus
1188 3737 1278 3801 Tur·

328 3859 444 3902 corum
480 3846 634 3919 ereptum
669 3859 744 3901 eum
785 3837 937 3901 restituit
970 3837 1037 3900 sibi
1067 3837 1144 3918 ipsi.
1198 3837 1278 3901 Rex

362 3991 369 4021 ¹
387 3990 555 4040 ‘tenebantur
562 3991 580 4053 ;’
591 3991 628 4039 M.
638 3995 662 4038 et
671 3990 717 4038 Ar.
850 3986 860 4015 ⁴
876 3990 884 4017 ⁴
893 3988 1066 4051 prospexisset
1074 3987 1091 4049 ς’
1101 3989 1141 4038 Μ.

362 4057 373 4089 ¹
389 4062 572 4122 ‘approprians
582 4055 595 4118 ;'
613 4061 647 4109 all
659 4061 701 4109 the
712 4058 787 4107 MSS.
850 4057 860 4086 ⁶
877 4062 1059 4119 ‘concretoque
1071 4057 1088 4118 ;'
1102 4058 1149 4108 Ar.

327 4147 356 4180 as
368 4146 455 4192 supra,
467 4147 491 4179 n.
503 4135 525 4189 l,
537 4146 562 4191 p.
576 4134 632 4178 142.
849 4125 861 4156 ⁶
878 4125 961 4177 Hall's
971 4128 1139 4178 emendation.
1175 4128 1218 4179 All
1235 4128 1278 4180 the

361 4198 372 4231 ³
387 4202 542 4263 ‘regnabant
551 4201 567 4259 ;'
578 4202 616 4249 M.
628 4205 652 4248 et
663 4199 710 4250 Ar.
816 4199 891 4248 MSS.
903 4198 966 4247 have
977 4201 985 4227 ‘
995 4199 1090 4261 atque!
