2896 4860
570 403 750 455 nuuanns
1070 389 1135 454 107

230 562 441 628 Discordia
431 572 521 628 inter
537 562 738 648 Philippum
757 563 970 629 Francorum
986 571 1022 628 et
1039 564 1134 629 Hen·
1147 581 1281 671 affine·

177 666 287 728 ricum
306 663 501 746 Anglerum
523 683 634 747 reges
648 665 792 729 suborta
817 672 871 728 est
894 672 1035 748 propter
1060 684 1160 729 cas-2
1146 637 1301 732 dnl’hfflrnr

179 773 271 830 trum
297 763 456 842 Gisortii,
478 773 514 829 et
540 765 610 830 alia
632 763 790 880 quiedam
814 772 940 844 castra,
967 785 1045 849 quac
1072 733 1202 831 rexne

179 863 332 948 Angliae,
347 873 501 949 tempore
518 865 685 931 Lodovici
700 866 804 949 regis,
822 872 986 948 tanquam
1004 865 1048 930 ad
1064 866 1135 932 feo-

178 965 261 1030 dum
282 966 430 1031 ducatus
451 964 675 1031 Normanniae
701 967 909 1049 pertinentia
933 969 1132 1049 occupavit:

178 1085 243 1130 rex
265 1075 382 1132 autem
406 1066 562 1131 Franciae
584 1086 627 1131 ea
641 1067 842 1145 vindicavit,
864 1074 1028 1152 tanquam
1053 1067 1137 1132 data

179 1184 205 1230 a
225 1175 325 1249 patre
343 1167 380 1232 in
405 1166 519 1232 dotem
544 1167 635 1245 filiae,
658 1175 693 1232 et
718 1175 966 1251 postmortem
990 1168 1136 1233 Henrici

180 1267 273 1348 regis
306 1267 456 1352 junioris
498 1268 543 1332 ad
585 1287 702 1350 regem
746 1267 902 1333 Franciae
943 1288 1134 1333 reversura.

183 1366 290 1432 Fiunt
314 1368 422 1451 igitur
445 1367 602 1433 interris
624 1387 743 1432 eorum
771 1367 850 1431 hinc
876 1368 956 1433 inde
977 1370 1135 1435 incendia

181 1475 218 1532 et
238 1468 382 1552 rapinae,
401 1469 676 1552 munitionesque
700 1468 927 1534 destruuntur
948 1476 983 1534 et
1008 1477 1134 1535 castra.

181 1566 270 1632 Cum
311 1577 426 1634 autem
467 1561 779 1654 ¹appr0pinquaret
815 1589 879 1634 rex
921 1571 1133 1634 Francorum

180 1676 297 1734 castro
330 1668 508 1752 Radulpbi
536 1678 575 1734 ut
604 1668 690 1734 illud
719 1668 892 1736 obsideret
919 1679 955 1736 et
983 1679 1134 1754 caperet,

179 1788 244 1834 rex
267 1788 349 1834 vero
372 1768 566 1851 Anglorum
588 1769 733 1837 utillud
758 1769 956 1837 defenderet
982 1779 1019 1836 et
1043 1772 1134 1835 obsi·

180 1869 318 1935 dionem
343 1869 536 1953 impediret,
566 1870 747 1955 paratique
771 1879 887 1936 essent
910 1891 1008 1955 reges
1033 1865 1134 1936 ²con-

180 1970 291 2052 gredi,
317 1969 547 2034 mediantibus
562 1970 646 2034 viris
665 1971 869 2054 quibusdam
896 1972 1165 2054 prudentibus,
1145 1987 1201 2028 neu
1202 1988 1241 2028 ιιι·

179 2089 258 2134 cum
274 2070 400 2153 legatis
416 2070 586 2136 Romanae
602 2070 756 2136 ecclesiae
776 2073 836 2155 qui
859 2079 941 2137 tunc
963 2093 1026 2155 pro
1049 2092 1183 2154 pacee
1123 2022 1284 2191 lhreffly

180 2170 401 2235 reformanda
423 2179 602 2248 venerant,
625 2170 716 2236 datis
738 2171 896 2250 induciis,
920 2151 1180 2238 discedentes⁰8

179 2271 398 2349 abinvicem,
416 2270 460 2336 ad
476 2272 616 2354 propria
631 2271 817 2337 redierunt.

232 2373 327 2436 Dum
354 2380 470 2437 autem
491 2392 590 2453 reges
616 2372 663 2436 ibi
688 2391 818 2437 moram
850 2372 1014 2451 facerent,
1041 2373 1268 2455 apudnmnaeu.

181 2480 336 2536 castrum
353 2473 500 2537 ricinum
517 2471 608 2556 quod
623 2472 723 2538 Delie
738 2472 874 2551 dicitur,
891 2473 961 2537 due
977 2473 1134 2538 Braban·

180 2563 284 2637 nones
307 2571 466 2637 ludentes
490 2572 533 2636 ad
551 2580 712 2649 tesseras,
726 2591 841 2638 coram
860 2575 1011 2656 imagine
1025 2576 1135 2640 beatae

179 2672 337 2756 Virginis
360 2693 465 2756 super
484 2673 678 2739 columnam
699 2672 852 2738 ecclesiae
879 2676 1005 2756 posita,
1029 2675 1134 2740 male·

180 2794 248 2857 que
266 2773 450 2858 perdentes
467 2773 560 2858 quod
583 2775 698 2859 inique
714 2772 959 2855 adquisierunt,
977 2775 1012 2838 in
1029 2778 1135 2840 verba

181 2874 405 2959 blasphemia
425 2875 461 2940 in
486 2867 616 2940 ⁸Dnuu
638 2882 674 2939 et
688 2875 826 2938 beatam
844 2873 1021 2957 Virginem
1039 2869 1137 2959 ⁴pro-

180 2983 360 3058 ruperunt.
413 2974 570 3055 Quorum
595 2976 683 3039 alter
709 2972 857 3057 lapidem
885 2975 920 3039 in
950 2978 1133 3059 imaginem

179 3076 379 3160 projiciens,
396 3076 573 3141 brachium
589 3075 750 3159 imaginis
769 3077 867 3158 parvi
884 3076 908 3140 J
913 3094 977 3141 nsu
994 3078 1134 3153 avulsit,

180 3176 370 3261 statimque
392 3175 535 3260 sanguis
557 3170 761 3258 ⁶profluxit3
790 3177 859 3259 qui,
886 3196 907 3240 a
932 3178 1049 3241 multis
1075 3179 1134 3260 qui

182 3277 218 3341 in
245 3277 426 3342 obsidione
449 3284 547 3341 erant
575 3277 671 3342 visus
700 3283 735 3339 et
757 3277 933 3354 collectuS,
962 3278 1089 3342 multos
1115 3297 1137 3342 a

181 3378 288 3442 variis
302 3378 527 3460 languoribus
549 3376 609 3441 illo
631 3377 791 3441 inunctos
813 3377 965 3442 infirmos
988 3378 1135 3444 curavit.

181 3477 367 3543 Brachium
400 3498 482 3544 vero
513 3477 815 3560 sanguinolentum
844 3476 868 3540 J
871 3497 1012 3557 oannes,
1025 3468 1029 3479 ’
1044 3480 1136 3561 regis

181 3578 376 3662 Anglorum
392 3578 497 3653 lilius,
512 3578 601 3642 inter
614 3578 777 3661 reliquias
795 3596 872 3640 cum
891 3598 1017 3661 magna
1033 3599 1135 3644 vene·

180 3681 315 3745 ratione
331 3699 447 3745 secum
470 3679 633 3764 portavit.
685 3677 917 3760 Blaspbemus
941 3688 1056 3744 autem
1077 3680 1136 3744 ille

180 3780 315 3859 infelix,
339 3781 460 3846 eodem
485 3780 541 3845 die
564 3800 587 3845 a
611 3779 767 3869 daemone
793 3799 863 3861 quo
889 3781 1057 3862 agebatur
1082 3798 1137 3843 ar·

181 3889 312 3964 neptus,
336 3881 525 3945 miserrime
540 3880 647 3945 vitam
663 3879 788 3945 finivit.
843 3880 962 3964 Hujus
981 3879 1136 3944 miraculi

217 4086 225 4120 ¹
243 4089 497 4151 ‘appropinquaverit
504 4083 518 4148 ;‘
529 4087 647 4137 MaetAr.
708 4087 717 4118 ⁴
735 4090 918 4150 ‘perruperunt
925 4083 940 4148 ;'
953 4088 991 4136 Μ.
1002 4091 1027 4136 et
1038 4086 1085 4136 Ar.

216 4157 228 4190 ²
243 4160 361 4209 ‘inimice
372 4155 515 4221 cosmi?
527 4159 647 4210 Matar.
708 4157 718 4187 ⁶
735 4160 863 4208 ‘ubertim
886 4159 1006 4220 profluxit
1015 4153 1029 4218 3‘
1054 4159 1092 4208 M.
1111 4162 1136 4207 et

218 4228 229 4260 ³
245 4230 400 4281 ‘Dominum
410 4225 424 4290 ;’
436 4230 476 4280 Μ.
674 4228 722 4278 Ar.
