2896 4860
562 419 746 468 annates.
1068 402 1134 468 125

178 579 271 643 mine
302 577 553 655 Baldewinum,
583 577 756 661 filiamque
788 576 954 641 Sibillam.
1008 576 1135 641 Balde·

181 680 292 743 winus
314 698 459 760 regnum
481 686 662 761 paternum
682 677 841 760 adeptus,
864 678 945 742 licet
965 678 1134 761 leprosus,

179 798 259 843 cum
290 786 423 843 careret
451 779 579 856 liberis,
606 778 714 842 filium
737 779 866 843 sororis
897 777 1134 845 Baldewinum

181 879 377 962 designavit
407 880 512 961 regiae
546 879 726 959 dignitatis
759 897 1002 943 successorem.
1055 878 1135 957 Quo

182 999 254 1044 nna
272 999 349 1044 cum
368 989 467 1063 patre
489 978 660 1055 defuncto,
686 980 804 1063 nupsit
826 979 948 1045 Sibilla
971 978 1136 1056 Guidoni‚

182 1081 244 1163 qui
274 1099 336 1163 per
368 1099 512 1145 uxorem
541 1087 722 1162 paternum
748 1081 873 1144 solium
905 1080 1135 1144 vindicantem

182 1180 363 1245 adscendit
379 1180 423 1244 ad
442 1181 570 1262 regiam
588 1179 816 1263 majestatem.
869 1180 937 1244 Sed
961 1181 1038 1262 ipsa
1058 1199 1136 1244 cum

183 1280 281 1364 prole
303 1298 407 1363 quam
431 1280 474 1345 de
496 1299 538 1346 ea
568 1288 738 1363 genuerat
756 1280 930 1357 defuncta,
951 1279 1068 1345 Guido
1095 1280 1137 1344 de

182 1399 292 1464 regno
316 1399 441 1463 passus
468 1388 522 1445 est
550 1381 768 1445 calumniam.
820 1379 1017 1445 Amalricus
1048 1381 1137 1444 enim

186 1480 407 1564 supradictus
430 1482 472 1546 de
490 1481 643 1546 secunda
665 1501 775 1545 uxore
790 1481 877 1545 dnas
892 1482 1013 1563 genuit
1027 1480 1138 1559 filias3

183 1601 330 1667 quarum
347 1601 417 1646 una
431 1581 604 1659 defuncta,
621 1581 664 1645 ad
687 1582 830 1646 alteram
849 1582 929 1665 jure
952 1582 1140 1645 successio·

186 1683 242 1747 nis
263 1682 479 1747 hereditariae
502 1682 701 1747 devolutum
724 1688 955 1763 astragum,
986 1689 1033 1759 et,
1056 1682 1140 1764 quia

187 1784 291 1848 istam
307 1782 456 1847 duxerat
473 1782 670 1847 Marchisus
691 1781 868 1865 praefatus,
885 1781 1079 1846 Gnidonem
1097 1781 1140 1844 de

187 1902 297 1964 regno
308 1883 481 1966 expellere
496 1883 691 1965 satagebat.
737 1882 817 1947 Rex
834 1883 952 1965 itaque
968 1882 1140 1946 Ricardus
1153 1905 1247 1947 arcear

187 1982 382 2048 Guidonem
397 1983 639 2048 venerabiliter
655 1983 804 2065 excepit,
825 1991 860 2047 et
876 1984 978 2046 rebus
1002 1990 1139 2047 tenuem
1151 1956 1302 2058 &223¹de

187 2084 334 2167 pecunia
349 2084 580 2167 pretiosisque
595 2084 792 2148 muneribus
809 2082 1001 2149 honoravit.

252 2182 295 2247 ln
324 2185 476 2249 crastino
506 2203 599 2260 vero,
636 2184 695 2266 qui
729 2192 803 2248 crat
835 2183 908 2248 dies
942 2190 1286 2248 sanctorummmra

188 2291 380 2367 martyrum
392 2284 498 2350 Nerei
508 2293 544 2350 et
555 2283 715 2360 Achillei,
724 2292 939 2348 contractum
956 2291 1010 2349 est
1025 2283 1140 2348 matri-
1152 2256 1288 2357 illiti*

188 2384 340 2448 monium
363 2385 454 2449 inter
476 2405 592 2468 regem
615 2383 803 2449 Ricardum
825 2391 861 2448 ct
884 2384 1142 2466 Berengariam,

189 2484 296 2549 liliam
319 2479 633 2573 regisJNavarrae,
655 2478 747 2569 'qnae
769 2491 805 2550 et
827 2485 965 2560 ibidem,
994 2503 1143 2568 praesen-

190 2585 285 2651 tibus
319 2585 577 2669 archiepiscopo
615 2585 867 2667 Burdegalensi
907 2593 941 2651 ct
973 2585 1144 2669 episcopis

190 2684 394 2751 Ebroiceusi
420 2694 456 2750 et
480 2680 712 2763 'Baneriensi
737 2694 924 2751 coronatur
949 2694 985 2751 et
1008 2684 1144 2767 inungi-

190 2793 249 2850 tur
265 2786 300 2849 in
318 2786 484 2868 reginam.

242 2885 329 2950 Post
354 2886 439 2964 haec,
468 2905 530 2970 per
557 2884 798 2951 mediationem
821 2885 946 2969 prioris
970 2884 1141 2968 Hospita·
1154 2908 1231 2955 nem

190 2985 368 3064 lariorum,
398 2986 489 3051 inter
519 2978 651 3068 *regem
684 2995 720 3051 et
747 2980 1006 3070 ⁶imperatorem
1035 2985 1143 3069 Cypri
1153 2959 1249 3098 iiffiifi'
1252 2955 1305 3055 ill,

190 3086 285 3151 sacta
304 3095 359 3151 est
379 3086 563 3152 concordia
583 3088 647 3151 sub
668 3086 733 3151 hac
755 3085 887 3151 forma:
911 3086 1036 3150 obtulit
1053 3060 1282 3159 enimiluiiiror

190 3188 379 3271 imperator
395 3207 433 3252 se
447 3187 646 3272 juraturum
663 3186 797 3251 fidelem
813 3188 885 3251 fore
903 3187 976 3267 regi
992 3186 1144 3251 Ricardo
1154 3162 1242 3210 ⁰³⁹⁸*

190 3281 271 3371 ‘per
295 3289 424 3366 omnia,
454 3296 490 3352 et
513 3287 606 3370 quod
637 3289 844 3371 quingentos
871 3287 1004 3370 equites
1029 3306 1143 3352 secum

192 3388 332 3454 duceret
365 3388 615 3471 lerosolymam
642 3387 750 3471 juxta
780 3389 871 3471 regis
901 3387 1042 3452 Ricardi
1077 3388 1146 3452 dis-

193 3489 397 3573 positionem
411 3511 420 3569 3
447 3497 483 3554 et
498 3508 540 3552 ne
560 3507 664 3572 super
681 3487 746 3553 hoc
762 3490 836 3571 regi
853 3487 1036 3570 scrupulus
1051 3488 1145 3553 dubii

192 3597 397 3668 remaneret,
414 3599 531 3655 castra
548 3609 613 3653 sua
633 3590 748 3653 omnia
762 3597 800 3653 ,et
816 3587 1025 3652 munitiones
1043 3589 1147 3671 regiis

231 3820 239 3851 ¹
257 3824 266 3850 ‘
273 3817 469 3884 d’Arragonn03’
487 3823 529 3873 Fr.
540 3823 583 3871 Tr.
720 3821 730 3849 ⁴
746 3822 849 3886 ‘regem
862 3822 998 3872 Ricardum
1009 3821 1028 3883 ;'
1040 3824 1078 3872 Μ.

228 3889 309 3942 'His
330 3893 457 3955 marriage
479 3893 543 3942 with
567 3893 661 3945 Beren·
720 3889 798 3942 ³His
818 3908 890 3943 name
909 3908 963 3942 was
982 3894 1089 3955 Cumae,
1104 3908 1148 3942 ac·

193 3964 266 4027 paria
277 3962 329 4012 had
340 3963 403 4012 been
420 3962 537 4013 deierrad
553 3964 592 4013 till
609 3965 660 4014 this
684 3962 790 4025 cordiug
804 3969 829 4012 to
847 3964 948 4025 Diceto,
960 3963 1083 4024 Gervase,
1099 3964 1148 4011 aud

192 4035 292 4084 timeon
300 4037 408 4082 account
417 4033 446 4082 oi
454 4033 529 4096 Lent;
548 4035 659 4085 Richard
685 4033 770 4094 Roget
788 4032 817 4081 of
833 4034 990 4093 Weudover3
1008 4034 1054 4082 but
1073 4034 1149 4082 Vine-

192 4105 224 4155 ol
230 4104 349 4166 ueuoes,
359 4119 386 4166 p.
398 4107 440 4153 41.
685 4103 747 4152 caui
773 4105 823 4153 aud
859 4104 983 4153 Heroden
1015 4103 1064 4153 call
1098 4104 1149 4153 him

230 4171 373 4225 '‘Baiona
383 4168 399 4234 3'
422 4175 570 4238 Brompton,
586 4179 659 4225 uss.
686 4174 769 4223 isaac.

194 4250 238 4296 64.
723 4242 812 4306 “per
821 4238 927 4305 omnies
938 4244 1042 4293 omitted
1050 4238 1150 4294 inD'A.
