2896 4860
360 391 429 455 314
715 405 788 453 nro.
816 405 963 453 rnrvnrr

362 564 397 626 in
412 584 526 645 regem
537 562 732 627 Jerusalem
748 569 951 638 coronatur;
972 560 1064 645 quod
1079 581 1194 627 comes
1207 562 1311 628 Atre-

361 663 515 728 batensis
541 665 576 727 in
603 663 841 746 praejudicium
862 656 970 744 ¹regis
993 661 1132 739 Siciliae,
1151 664 1212 745 qui
1231 683 1310 746 reg-

361 783 442 826 num
470 763 555 827 illud
590 763 804 836 vendicabat,
836 761 967 827 factum
998 763 1186 840 aestimans,
1215 763 1309 827 bona

361 862 635 946 Templariornm
670 871 705 927 et
744 862 1072 945 Hospitalariorum,
1115 863 1174 945 qui
1212 863 1307 928 facto

361 962 440 1028 huic
466 972 723 1039 consenserant,
752 963 880 1044 ubique
903 983 965 1045 per
991 962 1157 1045 Apuliam
1180 963 1306 1028 contis·

361 1063 465 1128 cavit.
516 1062 683 1128 Alsonsus
713 1062 902 1144 Aragoniae
932 1082 1008 1138 rex,
1036 1063 1150 1127 missis
1175 1063 1219 1127 ad
1247 1082 1308 1128 cu-

360 1163 446 1227 riam
475 1162 669 1227 Romanam
696 1163 840 1238 nuntiis,
864 1162 1075 1228 reconciliari
1098 1163 1221 1245 petivit
1246 1181 1305 1228 ec·

360 1264 498 1342 clesiae3
540 1263 582 1328 de
612 1262 677 1340 his,
706 1282 785 1346 quae
812 1281 874 1345 per
904 1263 1046 1328 fratrem
1077 1283 1177 1328 suum
1210 1262 1306 1328 facta

359 1361 509 1440 fuerant,
528 1383 565 1428 se
580 1383 762 1428 excusans.

305 1591 308 1596 -
389 1578 520 1615 o.rr.r.c.
621 1578 643 1613 r.
657 1576 819 1613 romanorun
833 1578 858 1614 n.
952 1577 1104 1613 rnrrconon
1125 1569 1280 1627 leuceoron

370 1665 541 1702 uoouxxvru.
581 1666 725 1702 nrcomrrv.
791 1666 898 1702 nanum
953 1665 1111 1702 rnrtrrrrrv.
1139 1665 1289 1702 eowrnnrr.

827 1727 866 1772 to.
1017 1725 1041 1770 8.
1195 1726 1234 1771 ld.

411 1861 585 1926 cenonas
607 1861 697 1925 filius
721 1860 850 1937 Caroli,
874 1863 1033 1944 princeps
1048 1859 1204 1939 Achaiae,
1227 1881 1307 1945 pro-

256 1936 291 1966 ω’
361 1968 505 2026 curante
538 1982 620 2043 rege
652 1959 804 2043 Angliae,
835 1961 1002 2026 liberatur
1032 1978 1054 2023 a
1084 1980 1221 2026 carcere
1242 1963 1307 2026 sub

361 2061 426 2126 hac
449 2061 580 2126 forma:
605 2062 775 2139 videlicet,
799 2060 892 2143 quod
916 2061 999 2125 data
1025 2062 1098 2142 regi
1118 2059 1307 2144 Aragoniae

361 2156 475 2226 ²certa
498 2181 632 2226 summa
660 2163 827 2245 pecuniae,
852 2161 926 2244 ipse
949 2161 1095 2226 Carolus
1121 2180 1143 2224 a
1167 2162 1307 2226 domino
1362 2226 1368 2237 ,

361 2281 454 2345 papa
483 2281 603 2345 pacem
635 2262 921 2344 Aragonensibus
953 2262 1176 2343 impetraret;
1213 2262 1306 2344 quod

361 2362 392 2425 si
407 2360 497 2426 infra
524 2363 705 2426 triennium
733 2381 918 2445 procurare
941 2381 1009 2425 non
1028 2367 1157 2443 posset,
1181 2361 1308 2427 rediret

362 2462 406 2525 ad
432 2481 625 2527 carcerem:
663 2461 788 2545 quibus
824 2461 1077 2526 conditionibus
1108 2460 1307 2544 juramento

362 2561 518 2637 firmatis,
540 2562 675 2626 tradere
695 2562 841 2626 debebat
862 2560 1009 2625 Carolus
1022 2568 1102 2624 tres
1119 2560 1208 2625 filios
1224 2579 1307 2626 suos

362 2661 498 2726 obsides
520 2673 555 2726 et
572 2662 657 2726 alios
674 2662 800 2725 milites
821 2661 952 2725 nobiles
969 2660 1216 2743 quadraginta3
1244 2681 1308 2745 pro

362 2762 485 2845 quibus
511 2781 690 2846 quousque
721 2761 854 2826 veniret
881 2780 944 2825 rex
969 2759 1108 2841 Angliae
1133 2760 1308 2826 liberatio·

362 2881 438 2925 nem
463 2861 579 2926 Caroli
603 2862 810 2938 accelerans,
831 2860 963 2924 nobiles
987 2860 1081 2924 viros
1103 2860 1163 2942 qui
1188 2880 1305 2925 secum

362 2969 461 3026 erant
492 2960 629 3026 obsides
659 2960 813 3036 tradidit,
845 2968 880 3025 et
909 2960 1088 3043 pecuniam
1123 2979 1234 3043 usque
1261 2961 1306 3025 ad

362 3061 507 3142 triginta
536 3061 645 3124 millia
675 3060 838 3124 librarum
867 3060 1045 3143 persolvit.
1114 3059 1308 3143 Postquam
1385 3124 1388 3131 .

362 3168 476 3224 autem
512 3160 572 3223 filii
605 3159 722 3224 Caroli
747 3167 924 3238 venerant,
955 3180 1018 3224 rex
1046 3157 1184 3243 Angliae
1216 3161 1307 3225 mili-

363 3261 455 3323 tibus
480 3261 552 3323 suis
579 3260 733 3325 liberatis
756 3259 792 3324 in
817 3261 1029 3326 Vasconiam
1055 3261 1250 3337 revertitur,
1273 3269 1309 3326 et

362 3360 453 3442 apud
490 3358 702 3425 Blanleford
734 3361 844 3426 crucis
871 3362 1023 3442 suscepit
1048 3359 1307 3442 characterem3

362 3479 513 3542 moxque
539 3459 683 3525 Judaeos
708 3479 838 3539 omnes,
861 3468 1023 3542 tanquam
1046 3461 1157 3524 crucis
1179 3460 1310 3539 hostes,

363 3559 499 3642 expulit
517 3559 560 3623 de
579 3560 766 3637 Vasconia,
787 3568 822 3624 et
841 3560 918 3623 aliis
938 3560 1038 3624 terris
1061 3561 1219 3625 omnibns
1235 3561 1308 3626 suis

364 3679 451 3741 quas
467 3661 503 3722 in
520 3679 626 3741 regno
649 3659 806 3723 Franciae
824 3659 1033 3743 possidebat.

202 3775 352 3818 natum
416 3758 559 3824 Interim
583 3759 696 3823 Resus
721 3760 811 3824 filius
835 3759 1014 3823 Mereduei
1033 3758 1198 3823 Walliam
1224 3779 1307 3826 con-

202 3827 224 3868 ln
236 3827 310 3868 wales.

365 3859 528 3935 turbavit,
550 3859 822 3943 impugnareque
847 3859 954 3941 coepit
978 3859 1097 3941 aliqua
1122 3861 1214 3941 regis
1236 3880 1311 3925 cas-

364 3965 427 4023 tra.
496 3959 647 4042 Tripolis
685 3959 808 4024 civitas
842 3960 1069 4023 transmarina
1107 3977 1129 4022 a
1160 3959 1313 4025 Soldano

399 4205 408 4237 ¹
425 4206 529 4256 omitted
541 4207 565 4253 in
578 4206 617 4255 Μ.
628 4205 678 4255 and
689 4205 736 4256 Ar.
829 4202 834 4272 Ι
885 4202 895 4232 ’
911 4207 999 4256 ‘carta
1009 4212 1077 4256 certa
1087 4203 1104 4266 3’
1118 4208 1177 4258 Cod.
1190 4209 1254 4271 Reg.
