2896 4860
343 400 408 467 lea
694 420 767 468 nic.
794 420 942 468 rarvnrr

176 593 316 693 gffipueh
342 588 447 645 tatem
476 574 730 645 ¹Catiuensium
754 580 850 658 adiit,
874 581 932 644 ubi
952 588 1097 663 uterque
1118 600 1221 664 super
1243 580 1294 646 ul-

241 671 247 683 ’
343 683 449 747 terius
463 681 613 746 adventu
630 680 755 745 eximie
770 687 823 744 est
837 680 988 745 laetatus.
1021 681 1196 746 Reversus
1210 701 1294 747 vero

178 793 288 884 {phem
341 802 403 846 rex
421 782 605 860 Ricardns,
620 782 663 846 de
676 781 820 846 consilio
835 780 984 846 Walteri
999 781 1294 864 Rothomagensis

177 893 289 945 brerthe-
342 882 602 966 archiepiscopi,
624 883 705 946 fecit
722 882 916 946 denuntiari
935 883 999 946 sub
1015 882 1294 948 interminatione

341 983 582 1058 anathematis,
614 991 654 1047 ut
682 982 842 1065 quicquid
873 983 948 1047 auri
977 982 1032 1046 vel
1058 984 1193 1065 argenti
1217 983 1292 1047 sire

339 1084 507 1168 cujusque
538 1083 673 1167 generis
712 1083 866 1167 pecuniae
897 1081 1067 1147 victorum
1099 1102 1224 1147 manus
1254 1083 1291 1146 in

339 1186 498 1267 captione
520 1184 693 1248 Messanae
713 1184 922 1266 diripuisset,
943 1183 1076 1247 civibus
1095 1185 1292 1248 restituere-

339 1291 397 1348 tur
424 1286 460 1349 in
488 1286 670 1367 integrum.
725 1283 911 1348 Pecuniam
934 1303 1015 1348 vero
1041 1302 1063 1347 a
1085 1303 1167 1366 rege
1194 1282 1289 1347 Tan·

338 1385 440 1449 credo
472 1393 661 1468 acceptam,
693 1382 774 1449 licet
803 1384 846 1447 de
875 1383 956 1467 jure
988 1383 1289 1450 confoederationis

339 1503 406 1549 non
438 1493 624 1562 teneretur,
657 1503 735 1548 curn
765 1505 847 1566 rege
879 1485 1089 1549 Francorum
1123 1504 1168 1549 ex
1194 1503 1290 1549 mera

337 1585 544 1649 liberalitate
559 1584 687 1649 divisit.
741 1584 853 1663 Quem
878 1584 913 1648 in
937 1584 1127 1650 festivitate
1148 1582 1288 1649 Nativi-

338 1685 420 1749 tatis
438 1685 630 1749 Dominicae
647 1684 691 1747 ad
709 1694 859 1748 castrum
878 1704 979 1748 suum
1000 1684 1043 1748 de
1063 1683 1288 1765 Mategriffnn

335 1785 509 1863 invitavit,
532 1793 567 1849 et
590 1804 667 1849 eum
685 1785 876 1849 venientem
899 1804 977 1848 cum
999 1786 1100 1849 turba
1122 1784 1287 1849 nobilium

336 1893 540 1949 veneranter
557 1885 715 1967 excepit3
742 1884 1009 1967 celebritateque
1027 1885 1133 1968 juxta
1155 1885 1286 1968 regiam

336 1986 624 2068 magnificentiam
647 1992 801 2068 peracta,
824 1984 985 2068 pretiosis
1007 1985 1133 2049 diversi
1149 1986 1287 2068 generis

336 2087 535 2150 muneribus
549 2085 742 2150 honoravit.

172 2198 288 2290 {mm
385 2186 453 2250 His
476 2187 687 2270 temporibus
709 2185 732 2250 J
736 2184 869 2250 oachim
892 2187 999 2250 abbas
1024 2185 1200 2250 Florensis
1218 2185 1286 2252 suit

271 2278 276 2290 '
333 2285 369 2349 in
394 2286 567 2365 Calabria,
596 2288 654 2371 qui
681 2286 797 2369 plnres
824 2285 931 2349 libros
956 2305 1060 2369 super
1085 2286 1285 2364 Jeremiam,

334 2384 593 2471 Apocalypsin,
611 2396 646 2452 et
663 2386 705 2450 de
720 2380 911 2451 ²Oneribus
936 2386 1181 2469 prophetarum
1203 2405 1286 2451 oon·

332 2482 497 2570 scripsit.³
537 2488 620 2567 Qui,
642 2487 782 2569 regibus
805 2487 1015 2550 Francorum
1036 2494 1072 2551 et
1091 2485 1285 2569 Anglorum

332 2589 596 2670 requirentibus,
612 2588 655 2651 de
672 2587 948 2669 peregrinatione
964 2587 999 2650 iu
1017 2585 1160 2651 Terram
1177 2587 1286 2652 Sanc-

333 2694 416 2764 tam,
439 2708 542 2772 qnam
559 2688 745 2766 laciehant,
765 2680 946 2769 *praedixit
961 2687 1053 2770 quod
1069 2706 1191 2770 parum
1206 2707 1285 2771 pro-

331 2787 483 2867 ficerent,
512 2809 553 2853 eo
580 2789 672 2873 quod
702 2788 853 2852 nondum
884 2795 1018 2870 tempus
1045 2787 1197 2853 debitum
1225 2787 1284 2852 ad-

332 2889 494 2953 venisset.

348 3070 373 3106 D.
386 3071 412 3107 ll.
424 3072 477 3110 ,1.0.
562 3072 586 3108 Ρ.
598 3072 760 3109 ROMANORUM
774 3073 800 3109 R.
906 3073 1059 3110 rnahconurr
1113 3073 1253 3110 anemae!

361 3158 450 3197 mcxci.
493 3133 685 3196 clamabamus.
712 3160 865 3196 llENlilcll'l.
911 3160 1020 3197 l'lllLlPPl
1033 3162 1062 3199 ΙΙ.
1111 3161 1218 3199 alenam
1230 3162 1251 3200 1.

964 3222 1005 3267 10.

166 3348 218 3447 qq}
223 3349 303 3440 1:333
379 3333 465 3397 Rex
505 3333 731 3411 Francorum,
769 3334 921 3397 ascensis
955 3335 1102 3398 navibus
1135 3336 1281 3401 sabbato

165 3450 230 3550 {1¹39}
230 3450 316 3541 pagna
328 3441 408 3516 post
434 3432 762 3511 annunciationem,
793 3453 914 3498 versus
944 3433 1088 3498 Terram
1116 3434 1280 3501 Sanctam

328 3532 370 3597 de
401 3533 568 3598 Messana
594 3533 814 3617 progreditur
839 3534 991 3600 civitate.
1059 3533 1140 3599 Rex
1166 3544 1280 3601 autem

328 3633 510 3711 Ricardns,
522 3633 641 3698 audito
655 3634 806 3698 adventu
823 3635 943 3698 matris
958 3654 1030 3698 suae
1046 3633 1089 3698 ad
1104 3635 1280 3701 civitatem

362 3806 624 3870 ¹‘Cathanensiu1u3‘
642 3812 680 3861 M.
813 3807 928 3879 (tweltth
953 3810 1078 3877 General)
1106 3812 1226 3875 Oouncil,
1253 3816 1279 3865 in

361 3877 626 3941 ’‘omnibus3’D'A.
814 3882 1144 3947 121⁶,isgivenathrge
1180 3884 1279 3938 Fcrhis

360 3950 370 3980 ³
386 3952 434 4001 See
450 3954 533 4014 Roger
547 3951 577 4000 ot
591 3952 742 4014 Wendover,
759 3952 787 4000 ii.
813 3966 947 4002 erroneous
964 3953 1075 4003 docens
1087 3970 1129 4004 see
1144 3955 1279 4021 Beronius,

325 4039 369 4085 pp.
391 4026 511 4085 401404,
530 4028 589 4082 etc,
606 4022 656 4071 and
675 4027 743 4084 note,
760 4037 786 4083 p.
812 4024 866 4073 xix.
891 4038 918 4085 p.
941 4026 998 4086 ela,
1020 4023 1084 4074 with
1106 4025 1196 4090 Pagi’s
1219 4028 1279 4093 long

325 4098 382 4154 401,
393 4093 478 4140 where
496 4093 538 4141 the
557 4092 791 4141 condemnationes
812 4098 881 4142 uoto.

324 4162 463 4212 loaclrim's
474 4162 539 4211 boch
552 4166 652 4224 against
661 4163 736 4211 Peter
745 4162 787 4210 the
847 4160 856 4190 ⁴
873 4164 881 4191 ‘
888 4163 1008 4225 praedixit
1016 4164 1084 4225 quod
1095 4166 1207 4217 nondum
1214 4173 1277 4218 mnr-

326 4232 451 4283 Lomhanl
469 4233 495 4282 in
513 4231 556 4283 the
573 4232 659 4282 fourth
677 4233 787 4282 Lateran
813 4233 956 4296 pue,lete.;
969 4228 1038 4285 ΠΛ.
