2896 4860
199 574 306 616 saumas

199 627 287 667 reita

360 389 426 454 390
719 404 791 452 nro.
815 403 963 450 saivari

364 567 400 623 et
431 559 527 641 regni
559 559 667 622 nostri
699 559 821 622 incolis
858 557 1089 623 verisimiliter
1122 555 1317 639 provenire,

199 637 305 727 trivior-
364 679 428 743 pro
451 659 634 723 securitate
661 660 758 741 regni
779 659 888 723 nostri
911 657 1118 722 accessimus
1144 657 1188 720 ad
1209 656 1318 721 confi·

366 760 460 822 nium
488 760 584 840 regni
607 760 799 842 utriusque,
827 759 955 841 pluries
978 756 1181 822 mandantes
1205 757 1317 821 eidem

366 858 497 923 Joanni
522 859 597 943 jam
628 859 702 940 regi
734 858 871 933 Sentice,
903 864 942 921 ut
971 858 1015 922 ad
1045 865 1142 923 certa
1173 856 1249 922 loca
1281 856 1317 920 in

367 959 515 1023 confinio
544 959 710 1041 praedicto
738 958 781 1023 ad
813 978 876 1022 nos
902 958 1081 1024 accederet
1102 976 1205 1039 super
1227 976 1316 1040 prae·

368 1060 481 1123 missis
513 1065 549 1122 et
574 1058 652 1122 aliis
675 1052 1019 1136 ¹assecuratiouibus,
1049 1064 1193 1133 statum,
1221 1064 1316 1120 tran-

368 1159 586 1242 quillitatem,
617 1165 652 1222 et
690 1178 809 1241 pacem
845 1158 944 1240 regni
972 1159 1153 1240 utriusque
1183 1158 1317 1221 contin·

368 1259 542 1340 gentibus,
572 1266 797 1324 tractaturus.
873 1258 955 1337 Qui,
986 1258 1112 1342 spretis
1144 1255 1317 1322 mandatis

368 1360 507 1436 nostris,
535 1358 571 1422 in
600 1377 666 1421 sua
696 1359 884 1440 persistens
914 1358 1068 1441 perfidia,
1101 1357 1146 1422 ad
1175 1357 1316 1421 bellicos

369 1468 558 1542 apparatus
591 1478 669 1523 cum
698 1459 878 1541 episcopis,
907 1453 1092 1540 'praelatis,
1122 1457 1316 1534 comitibus,

367 1567 404 1622 et
434 1559 621 1623 baronibus
644 1559 740 1640 regni
765 1557 904 1633 Scotiae,
929 1577 969 1622 ac
994 1558 1098 1622 etiam
1116 1556 1194 1620 aliis
1218 1565 1315 1622 exte-

369 1658 416 1721 ris
441 1658 659 1721 conductitiis
686 1666 806 1721 contra
831 1677 906 1734 nos,
930 1676 1073 1740 regnum
1094 1664 1262 1732 nostrum,
1280 1665 1317 1721 et

368 1757 467 1838 regni
488 1759 596 1822 nostri
622 1757 766 1832 incolas,
785 1756 955 1822 hostiliter
976 1777 1014 1822 se
1033 1764 1237 1821 convertens
1257 1775 1315 1820 ac·

369 1857 491 1933 cinxit,
511 1864 546 1920 et
562 1857 605 1920 ad
628 1856 770 1922 hostiles
792 1875 977 1939 aggressus
1000 1865 1036 1920 et
1054 1858 1211 1921 incursus
1235 1875 1314 1937 pro-

368 1956 505 2032 cedeoS,
535 1976 678 2039 regnam
721 1963 875 2021 nostrum
906 1958 1045 2033 invasit,
1082 1967 1118 2021 et
1148 1956 1314 2039 quasdam

370 2057 471 2120 villas
488 2058 585 2139 regni
608 2057 716 2121 nostri
734 2054 873 2139 Angliae
890 2077 952 2139 per
971 2077 1008 2121 se
1026 2066 1061 2120 et
1081 2075 1164 2121 suos
1185 2056 1317 2139 deprae-

369 2156 472 2221 datus
505 2165 569 2233 est,
603 2176 730 2240 easque
768 2158 923 2221 vastavit
955 2156 1124 2234 incendio,
1163 2155 1317 2219 homines

370 2264 505 2321 nostros
519 2256 703 2332 interfecit,
720 2263 755 2320 et
774 2257 947 2320 nonnullis
971 2257 1088 2321 nantis
1112 2257 1239 2320 nostris
1254 2275 1316 2338 per

370 2375 434 2419 eos
465 2356 663 2438 peremptis,
702 2375 809 2419 naves
845 2355 1021 2420 bominum
1052 2365 1246 2420 nostrorum
1281 2362 1317 2419 ct

370 2457 466 2537 regui
497 2453 635 2537 Angliao
660 2457 815 2519 comburi
845 2455 938 2531 fecit,
966 2464 1001 2519 et
1031 2475 1051 2519 e
1082 2456 1228 2537 vestigio
1253 2475 1316 2537 ag·

370 2555 486 2636 gredi3
522 2548 749 2638 ³redditisque
775 2557 873 2619 nobis
900 2555 1061 2636 homagio
1091 2563 1127 2619 et
1152 2554 1317 2620 fidelitate

371 2665 442 2719 tam
471 2673 596 2736 prose
621 2673 724 2737 quam
750 2675 813 2738 pro
842 2654 919 2718 aliis
938 2656 1198 2738 quibuscunque
1219 2656 1317 2737 regni

370 2756 425 2818 sui
450 2755 584 2829 incolis,
606 2773 669 2835 por
690 2754 824 2819 litteras
845 2754 998 2837 ejusdem
1024 2756 1116 2836 regis
1141 2756 1247 2819 verba
1266 2755 1317 2818 of·

370 2854 562 2918 sensianum
589 2854 832 2936 exprimentes,
859 2861 894 2918 et
918 2856 1010 2919 inter
1034 2855 1105 2919 alia
1127 2855 1231 2918 verba
1254 2855 1318 2918 dis-

370 2953 545 3018 fidationis
579 2955 806 3032 continentes,
839 2955 1024 3019 comitatus
1057 2962 1194 3018 nostros
1227 2952 1317 3018 Nor-

370 3054 565 3128 tbnmbriae,
599 3051 784 3130 Combriae,
813 3063 850 3119 et
885 3053 1185 3118 Westmerlandiae
1220 3057 1317 3137 regni

370 3154 479 3216 nostri
504 3152 644 3233 Angliae
667 3162 879 3235 congregato
904 3156 1059 3219 exercitu
1082 3155 1214 3236 ingenti
1237 3154 1316 3219 hos·

370 3253 478 3316 tiliter
502 3271 618 3334 perse
643 3261 679 3316 et
705 3272 787 3317 suos
815 3255 956 3330 invasit,
984 3264 1135 3336 stragem
1164 3255 1318 3320 innume-

370 3371 442 3415 ram
471 3352 644 3416 hominum
676 3361 883 3430 nostrorum,
912 3354 1070 3417 incendia
1095 3356 1318 3420 monasterio-

371 3473 444 3516 rum
474 3461 509 3516 et
533 3452 755 3517 ecclesiarum
778 3463 813 3518 et
842 3453 1001 3518 villarum
1028 3453 1214 3519 inhumane
1240 3475 1317 3537 per·

369 3554 547 3636 patrando,
574 3560 610 3616 et
635 3555 780 3636 patriam
807 3554 957 3637 undique
984 3552 1239 3636 depopulando,
1269 3556 1319 3619 in-

369 3653 482 3717 fantes
514 3654 550 3716 in
579 3654 773 3731 cunabulis,
799 3653 958 3717 mulieres
986 3654 1021 3716 in
1047 3656 1230 3737 puerperio
1257 3655 1316 3719 de·

367 3754 566 3819 cumbentes
595 3752 712 3834 gladio
744 3754 970 3829 trucidarunt,
1000 3760 1048 3830 et,
1075 3755 1169 3838 quod
1196 3755 1316 3819 auditu

368 3853 573 3917 horrendam
597 3860 662 3929 ast,
685 3873 707 3918 a
729 3854 902 3918 nonnullis
926 3854 1125 3917 mulieribus
1148 3855 1317 3921 mamillas

404 4113 410 4143 ¹
427 4116 481 4165 'l'be
492 4117 565 4166 other
575 4118 651 4167 MSS.
664 4118 727 4167 bave
745 4119 829 4167 ‘asse
887 4114 898 4147 ¹
913 4117 976 4165 This
983 4118 1052 4166 word
1063 4119 1206 4182 iswanting
1215 4121 1240 4169 ia
1250 4118 1318 4172 ΠΛ.

366 4188 522 4238 cannonis:
887 4184 1142 4251 '‘denegatisque3‘
1156 4189 1318 4244 Mamwest.
