2896 4860
166 582 211 622 rue
220 581 244 621 B.

166 633 245 673 lorum
253 631 290 671 the

327 386 393 453 222
690 402 761 450 ruo.
780 402 927 450 sarvam

327 562 452 627 diffusa
481 561 606 645 gratia,
627 569 667 626 ut
682 562 724 626 de
744 562 868 640 verbis,
883 581 962 644 quae
984 562 1218 646 procedebant
1234 563 1278 628 de

167 682 300 725 marm.
327 683 386 728 ore
408 663 493 748 ejus,
525 664 585 727 vix
608 662 783 727 auditores
812 670 956 745 possent
984 663 1115 727 satiari.
1168 663 1279 729 Mira-

327 763 413 830 culis
445 783 582 848 quoque
611 770 859 845 postmortem
888 763 1014 828 claruit
1035 763 1206 846 plurimis,
1234 765 1278 830 de

326 865 451 948 quihus
480 864 522 927 ad
552 863 813 927 aedificationem
842 863 1031 945 legentium
1058 864 1127 929 duo
1150 863 1278 931 sufficit

326 972 503 1029 annotare.
557 962 728 1045 Magister
742 964 808 1028 iste
821 962 903 1027 dum
914 963 1057 1044 viveret,
1074 965 1108 1028 in
1126 966 1277 1047 quodam

326 1064 534 1129 monasterio
551 1083 708 1128 sororum
726 1063 868 1142 ordinis,
884 1064 1057 1147 quandam
1073 1065 1276 1131 excellentis

326 1166 408 1229 vitae
434 1183 586 1228 sororem
609 1164 808 1228 instituerat
823 1165 1035 1247 priorissam,
1051 1184 1129 1247 quae
1153 1174 1278 1249 postea

325 1284 489 1348 percussa
516 1263 680 1348 paralysi,
701 1263 794 1330 facta
818 1265 1002 1347 impotens,
1024 1265 1060 1329 iu
1084 1265 1176 1330 lecto
1194 1285 1277 1331 con·

326 1366 422 1430 tinue
453 1365 704 1444 decumbebat3
737 1365 997 1450 propterquod
1026 1365 1277 1432 instantissime

326 1466 466 1550 petebat
498 1485 559 1548 per
596 1464 791 1547 superiores
826 1484 909 1529 suos
946 1466 991 1529 ab
1031 1464 1142 1530 officio
1182 1466 1275 1549 quod

327 1565 470 1647 exsequi
505 1586 573 1629 non
605 1572 743 1648 poterat
776 1565 935 1631 absolvi:
968 1564 1029 1629 sed
1066 1566 1277 1632 reclamante

326 1671 509 1742 conventu,
549 1665 605 1729 cui
647 1665 828 1730 videbatur
860 1665 979 1729 utilior
1010 1665 1060 1731 sie
1097 1664 1276 1748 languida,

325 1784 430 1848 quam
472 1765 543 1828 alia
585 1784 811 1848 quaecunque,
857 1786 927 1830 non
962 1766 1076 1847 potuit
1107 1766 1274 1832 obtinere.

326 1864 466 1930 Auditis
489 1866 607 1947 itaque
627 1867 801 1930 miraculis
821 1864 951 1943 multis,
974 1885 1052 1948 quae
1069 1865 1113 1929 ad
1136 1866 1276 1933 invoca-

326 1966 453 2030 tionem
480 1966 627 2029 nominis
651 1965 767 2031 fratris
786 1964 932 2030 Jordani
959 1966 995 2029 in
1020 1966 1167 2030 diversis
1195 1988 1275 2051 par-

326 2066 419 2130 tibus
447 2067 675 2147 contigerant,
709 2074 881 2132 conventu
911 2059 1099 2148 ¹prudente
1126 2066 1208 2133 feeit
1237 2088 1275 2133 se

325 2166 361 2230 in
389 2168 579 2249 gestatorio
606 2167 756 2250 quodam
779 2167 822 2231 ad
853 2167 1032 2231 ecclesiam
1055 2185 1077 2230 a
1099 2169 1275 2233 sororibus

326 2267 510 2350 deportari.
585 2267 732 2345 Deinde,
760 2267 894 2332 emissis
925 2267 1112 2344 sororibus,
1150 2268 1275 2335 devote

326 2368 465 2449 rogavit
497 2367 638 2431 fratrem
672 2366 877 2444 Jordanum,
905 2387 1006 2450 quem
1038 2367 1276 2435 indubitanter

326 2468 487 2532 credebat
510 2488 653 2549 regnare
670 2488 749 2532 cum
768 2467 946 2544 Camere,
970 2475 1010 2531 ut
1026 2468 1091 2530 sihi
1108 2467 1274 2551 impetra·

327 2576 380 2632 ret
397 2588 419 2632 a
435 2568 597 2644 Domino,
617 2568 671 2631 vel
689 2568 733 2631 ab
761 2568 824 2632 hac
842 2569 915 2632 vita
932 2566 1089 2631 celeriter
1105 2570 1201 2646 exui,
1219 2570 1275 2633 vel

327 2669 372 2732 ab
395 2667 506 2733 officio
532 2688 593 2751 per
624 2669 817 2751 superiores
844 2687 926 2732 suos
956 2667 1101 2745 absolvi,
1125 2668 1181 2733 vel
1207 2669 1275 2733 sibi

327 2770 510 2832 sanitatem
543 2767 700 2845 conferri,
731 2788 793 2851 per
820 2789 922 2852 quam
957 2767 1053 2831 lieret
1080 2768 1206 2832 idonea
1229 2768 1273 2833 ad

327 2862 542 2951 ²impositum
577 2867 725 2933 officium
762 2868 1031 2952 exsequendum.
1115 2867 1273 2953 Moxque

327 2971 435 3034 sensit
456 2969 629 3052 quandam
653 2970 816 3033 virtutem
844 2970 909 3033 sibi
928 2968 1092 3032 divinitus
1112 2968 1274 3047 infusam,

327 3089 397 3152 qua
418 3069 613 3134 confortata
630 3070 740 3153 primo
763 3070 882 3153 pedem
904 3089 1024 3146 uuum,
1041 3068 1165 3133 deinde
1187 3070 1273 3135 alte·

326 3190 403 3234 rum
431 3177 532 3234 extra
560 3171 785 3252 gestatorium
816 3168 923 3253 coepit
951 3188 1102 3252 ponero;
1134 3171 1273 3235 tandem

325 3279 441 3334 erecta
457 3271 563 3352 coepit
579 3269 794 3353 percharum
810 3269 998 3348 ambulare,
1015 3270 1114 3354 quasi
1132 3290 1177 3334 an
1194 3291 1274 3337 vere

325 3378 418 3436 esset
444 3379 569 3436 sanata
596 3378 755 3435 tentaret.
808 3370 943 3435 Deinde
972 3370 1091 3434 audita
1115 3372 1199 3436 nola
1221 3393 1274 3438 re·

325 3470 471 3549 lectorii,
502 3471 654 3535 sentiens
680 3490 718 3535 se
745 3491 867 3553 gressu
896 3472 1078 3548 firmatam,
1104 3473 1274 3555 processit

325 3572 462 3636 obviam
474 3573 659 3636 conventui
674 3572 847 3635 cantando
865 3567 1063 3635 ‘Miserere'
1077 3571 1122 3635 ad
1137 3573 1273 3638 ecclesi-

324 3691 379 3736 am
403 3672 564 3738 venienti.
618 3671 732 3749 Quam
745 3671 903 3755 juniores
920 3672 1031 3756 primo
1054 3681 1272 3738 occurrentes

323 3774 537 3838 mirabantur
553 3773 582 3836 si
599 3773 765 3854 priorissa
790 3780 893 3850 esset,
912 3791 990 3855 quee
1007 3772 1057 3837 sie
1079 3773 1272 3839 ambularet

359 4015 366 4046 ¹
386 4018 450 4067 Hali
468 4022 577 4067 correcta
594 4016 645 4066 thia
664 4017 786 4079 ‘persua
810 4014 917 4079 thought
939 4016 960 4064 it
981 4016 1062 4064 better
1082 4020 1109 4064 to
1130 4020 1211 4068 retain
1229 4019 1270 4069 tha

322 4085 418 4148 deme,¹
436 4091 482 4137 but
492 4090 527 4137 all
542 4088 584 4137 the
601 4087 677 4137 MSS.
691 4087 785 4150 having
811 4087 912 4149 general
926 4086 1040 4149 reading.

323 4155 484 4224 ‘prudente'
506 4159 590 4208 which
614 4173 695 4207 seems
717 4173 784 4206 more
845 4155 1035 4219 ”impositum
1057 4157 1107 4207 sihi
1128 4157 1269 4219 officinm?

322 4232 455 4295 agreeahle
464 4236 491 4280 to
499 4230 541 4280 tlte
552 4234 663 4294 context,
669 4244 708 4279 we
719 4228 784 4279 have
809 4228 848 4276 M.
859 4233 884 4277 et
895 4228 941 4278 Ar.
