2896 4860
564 416 741 464 eunucus.
1086 402 1125 465 ll

177 580 361 650 nestatem,
378 573 423 638 ad
440 572 638 658 hujusmodi
655 582 772 639 reatus
788 575 992 640 abolendam
1011 594 1127 640 macn-

175 673 259 749 lam,
274 674 416 738 totidem
432 675 640 740 monasteria
658 674 813 758 pluribus
832 676 953 741 dotata
979 669 1128 759 ¹praediis

176 774 221 838 ad
239 773 308 838 Dei
325 773 487 839 honorem
504 774 675 852 fundavit,
692 775 860 858 religiosis
877 776 913 840 iu
924 775 1045 840 iisdem
1057 775 1129 840 col·

175 874 277 956 legiis
298 875 479 942 institutis.
537 874 698 957 Rogatus
724 884 840 941 autern
866 875 1128 941 Sarisberiensis

177 974 221 1039 de
248 974 415 1041 fidelitate
437 976 647 1059 imperatrici
669 976 850 1052 servanda,
874 978 1013 1042 vivente
1037 977 1128 1062 ejus

176 1074 379 1158 dampetra,
397 1096 464 1140 non
480 1076 592 1140 solum
612 1077 742 1159 primus
758 1077 905 1161 J'uravit,
924 1077 985 1142 sed
1006 1078 1129 1142 ceteris

176 1176 336 1240 omnibus
372 1176 526 1258 praelatis
564 1184 601 1242 et
638 1178 838 1260 proceribus
873 1177 1046 1254 distincte,
1083 1177 1129 1242 ad

178 1283 301 1340 nutum
315 1277 461 1359 regium
472 1278 638 1359 imposuit
648 1285 683 1342 et
694 1277 876 1362 proposuit
883 1277 1128 1361 juramentum.

179 1375 263 1458 lpse
291 1385 407 1440 tumen
429 1385 563 1460 postea,
587 1384 627 1442 ut
648 1376 862 1460 Stephanum
889 1377 1009 1443 eodem
1031 1378 1129 1462 jura·

179 1484 297 1540 mento
312 1476 515 1543 adstrictum
530 1478 596 1543 sibi
612 1478 779 1557 alliceret,
795 1478 984 1564 perjurium
998 1486 1131 1544 nonest

177 1575 309 1642 veritus
325 1577 511 1656 incurrere,
528 1578 588 1643 sed
606 1577 684 1644 aliis
698 1578 874 1665 pejerandi
889 1580 1025 1662 insigne
1040 1598 1130 1662 prae·

178 1677 308 1742 struxit
334 1679 543 1763 exemplum.
610 1677 654 1743 In
685 1699 786 1763 quem
814 1681 889 1762 ipse
920 1679 1130 1762 Stephanus,

181 1777 274 1842 ultor
292 1779 470 1844 ordinatus
491 1778 670 1856 divinitus,
691 1787 857 1863 tanquam
880 1780 998 1862 exigui
1019 1778 1129 1843 homi-

177 1897 256 1942 nem
281 1879 444 1944 momenti
472 1880 582 1962 primo
607 1880 772 1944 carcerali
805 1873 997 1956 ²custodiae,
1035 1885 1131 1962 post·

179 1978 318 2043 modum
335 1979 441 2044 etiam
458 1981 524 2045 cibi
541 1980 671 2064 inopia,
684 1981 870 2064 nepotique
887 1979 963 2064 ejus
977 1979 1130 2045 Alexan-

180 2077 256 2157 dro,
278 2080 337 2163 qui
358 2087 441 2143 tunc
461 2081 577 2164 regius
606 2080 831 2145 cancellarius
852 2088 939 2157 erat,
959 2080 1130 2144 intentato

179 2179 348 2263 supplicio
362 2180 412 2243 sic
426 2181 610 2258 coartavit,
626 2189 666 2245 ut
683 2182 755 2262 regi
770 2180 839 2245 duo
854 2180 947 2245 dicta
964 2179 1131 2263 praeclara

179 2288 307 2358 castra,
322 2281 359 2343 in
376 2281 501 2362 quibus
518 2288 618 2345 erant
635 2281 787 2345 thesauri
806 2280 883 2365 ejus
897 2280 1051 2364 repositi,
1067 2273 1131 2343 'rea

179 2380 346 2463 signaret.
398 2380 558 2465 Denique
582 2380 790 2463 grandaevus
811 2382 993 2465 episcopus
1013 2379 1049 2444 vi
1069 2379 1131 2443 do·‘

184 2479 279 2558 loris,
305 2487 346 2544 ut
365 2480 486 2559 fertur,
504 2482 701 2564 absorptus,
722 2482 828 2547 vitam
850 2481 955 2562 longo
977 2489 1132 2564 tempore

181 2580 492 2664 splendidissimam
513 2582 580 2646 fine
600 2581 729 2645 infelici
748 2581 929 2646 conclusit.
979 2578 1132 2644 Alexan-

183 2681 245 2746 der
276 2701 358 2745 vero
387 2681 638 2746 lincolniensis
667 2681 876 2746 munitiones
905 2698 1000 2757 suas,
1030 2679 1133 2745 modo

182 2802 251 2846 non
267 2781 437 2858 dissimili,
458 2783 649 2864 resignans,
673 2801 765 2863 aegre
787 2782 967 2846 relaxatus
984 2788 1060 2860 est3
1092 2787 1133 2845 ut

183 2882 294 2948 discat
308 2880 425 2947 diviua
433 2882 567 2967 judicia
586 2881 753 2959 venerari,
764 2889 799 2946 et
813 2880 952 2946 saniora
964 2881 1006 2946 de
1018 2889 1133 2946 cetero

182 2982 378 3048 meditetur.
431 2982 527 3048 Obiit
542 2982 564 3047 J
568 3001 696 3046 oannes
712 2982 755 3044 do
776 2980 1017 3064 Temporibus,
1040 3001 1133 3045 com·

183 3083 298 3167 pletis,
315 3090 354 3147 nt
366 3083 486 3161 fertur,
504 3083 620 3148 aetatis
638 3101 710 3146 suae
729 3082 829 3146 annis
849 3081 1012 3146 trecentis
1032 3100 1135 3146 sexa·

183 3185 282 3266 ginta
295 3190 330 3247 et
347 3202 428 3261 uno,
444 3183 555 3268 quiet
573 3181 690 3248 Caroli
704 3183 820 3265 magni
843 3180 968 3246 dicitur
991 3181 1135 3246 scutifer

182 3283 369 3348 exstitisse.

235 3779 422 3843 Marruurs
439 3776 656 3862 imperatrix,
672 3775 743 3840 filia
757 3776 848 3857 regis
863 3774 1008 3840 Heurici
1021 3775 1135 3858 primi,
1147 3805 1237 3845 uror·

185 3899 263 3944 cum
292 3898 456 3960 germano
485 3898 550 3943 sno
582 3876 737 3942 Roberto
765 3874 970 3940 Glocestriae
999 3874 1133 3950 comite,
1146 3861 1251 3955 ‘iffi

184 3983 276 4044 circa
299 3979 424 4042 festum
448 3978 566 4043 Sancti
588 3975 783 4053 Michaelis,
805 3976 953 4041 venitin
972 3974 1135 4057 Angliam

222 4159 411 4229 ¹‘presidium‘
429 4165 468 4215 M.
708 4159 935 4224 ⁸‘retdgnauerin’
948 4161 981 4211 A.
1008 4159 1138 4223 ‘resigna-

221 4235 378 4288 '‘emadia
390 4230 406 4296 ;'
424 4235 463 4284 M.
674 4233 711 4282 rit
719 4227 736 4294 3'
755 4232 813 4285 MS.
825 4232 890 4296 Reg.
901 4230 984 4282 etAr.
