2896 4860
315 395 381 462 248
676 407 750 456 mc.
767 405 915 455 rnrvnrr

318 569 482 634 trecentis
502 565 653 631 millibus
673 564 838 629 librarum
856 560 1112 629 Turonensium
1131 555 1273 644 ¹parva·

319 690 406 748 rum,
429 668 666 752 promissaque
685 665 903 730 restitutione
924 672 1093 728 terrarum
1116 662 1161 726 ad
1180 662 1272 726 valo

320 790 389 834 rem
408 769 531 851 viginti
549 766 694 830 millium
707 765 873 829 librarum
890 765 998 827 annui
1015 781 1151 838 census,
1165 761 1274 825 omni·

320 872 384 935 bus
401 869 503 933 terris
520 868 554 931 in
571 885 674 930 manu
696 865 787 946 regis
812 863 1025 928 Francorum
1046 862 1277 928 existentibus

320 970 511 1050 resignavit
533 967 633 1049 plene
659 973 696 1029 et
718 984 814 1048 pure.
870 963 916 1029 Et
938 963 1062 1028 exinde
1082 963 1276 1026 litterarum

321 1090 461 1134 suarum
484 1062 717 1133 'abbreviavit
735 1064 886 1140 titulum,
909 1071 949 1128 nt
964 1082 1028 1128 nec
1042 1062 1166 1127 ducem
1183 1060 1277 1126 Nor·

323 1171 484 1246 manniae,
511 1186 574 1232 nec
599 1165 758 1230 comitem
788 1162 1017 1246 Andegaviae,
1048 1162 1210 1244 deinceps
1239 1180 1277 1225 se

324 1277 475 1335 vocaret.
528 1265 732 1330 Manfredus
756 1263 847 1328 filius
872 1262 1044 1328 Frederici
1071 1281 1109 1326 se
1134 1261 1219 1326 fecit
1242 1261 1278 1325 in

324 1390 438 1452 regem
471 1367 598 1432 Siciliae
633 1365 802 1441 coronari,
834 1364 970 1446 nepotis
1002 1364 1057 1427 sui
1090 1360 1277 1427 Conradini

324 1479 434 1534 morte
456 1468 623 1531 conficta:
648 1483 749 1548 quem
766 1483 858 1547 papa
875 1462 1088 1540 Alexander,
1109 1469 1276 1543 tanquam

326 1570 422 1650 regni
445 1569 649 1639 invasorem,
675 1563 912 1646 fautoremque
936 1563 1200 1636 Saracenorum,
1218 1581 1278 1624 ex·

325 1666 607 1745 communicavit,
629 1664 789 1746 omnique
812 1663 942 1728 honoro
959 1670 995 1728 et
1012 1662 1184 1745 dignitate
1201 1680 1277 1725 sen·

327 1770 434 1833 tentia
445 1765 605 1850 judiciali
621 1764 783 1847 privavit.

378 2229 401 2294 J
406 2247 607 2294 usrrrrnnrr
635 2233 725 2314 regis
752 2233 891 2316 Angliae
913 2233 973 2317 qui
995 2233 1159 2297 dicuntur
1182 2235 1280 2298 itine-

242 2318 246 2327 ’
330 2331 389 2408 ris,
400 2332 496 2395 missi
511 2330 753 2396 Herct'ordiam
769 2353 832 2416 pro
844 2353 908 2397 suo
919 2333 1141 2416 exsequendo
1157 2331 1279 2412 officio,

329 2431 565 2515 repelluntur3
593 2432 824 2515 allegantibus
846 2433 912 2512 bis,
938 2434 997 2518 qui
1019 2435 1093 2516 regi
1117 2433 1280 2499 adversa·

330 2532 466 2606 bantur,
488 2532 583 2614 ipsos
608 2540 730 2596 contra
751 2532 894 2597 formam
919 2533 1163 2619 Provisionum
1188 2534 1281 2600 Oxo·

330 2630 396 2694 niae
423 2651 531 2714 nuper
553 2631 721 2697 factarum
745 2634 889 2699 venisse.
943 2634 1134 2698 Florentini
1158 2634 1281 2699 coadu-

331 2732 402 2795 nati
427 2741 466 2795 ut
488 2733 664 2796 civitatem
688 2733 870 2797 Senensem
897 2735 1125 2809 destruerent,
1151 2754 1174 2798 a
1195 2735 1281 2799 mili·

332 2830 423 2894 tibus
453 2831 624 2895 Manfredi
654 2842 689 2896 et
715 2833 872 2898 Jordano
897 2836 1035 2911 comite,
1063 2836 1123 2916 qui
1149 2844 1281 2919 partem

332 2929 417 2995 fovit
436 2930 619 3008 Manfredi,
637 2934 841 3013 vincuntur3
867 2943 1039 3018 captaque
1057 2953 1178 2999 eornm
1200 2936 1282 3000 civi-

332 3037 403 3094 tatc
430 3039 465 3093 et
492 3031 526 3094 in
555 3040 655 3115 parte
685 3033 873 3112 destmcta,
903 3035 970 3118 ipsi
998 3035 1152 3100 dominio
1177 3036 1281 3121 snbji-

330 3131 468 3193 ciuntur
497 3131 699 3196 Senensium
731 3141 766 3198 et
800 3134 984 3200 Manircdi.
1037 3135 1136 3200 Inter
1167 3155 1281 3218 regem

333 3229 499 3311 Ungariae
524 3240 559 3294 et
576 3232 728 3297 Boemiae
749 3254 812 3317 pro
833 3236 1038 3318 quibusdam
1057 3236 1160 3300 terris
1177 3255 1282 3317 grave

331 3331 549 3394 commissum
580 3340 633 3397 est
659 3333 828 3416 praelium,
856 3334 1136 3418 fugientibusque
1162 3335 1281 3418 Ungu-

332 3430 391 3494 riis
415 3430 550 3513 plurimi
574 3432 616 3495 de
639 3433 688 3496 eis
711 3434 913 3498 occiduntur
929 3435 1067 3516 gladio;
1090 3435 1152 3500 sed
1176 3437 1283 3503 multo

332 3529 448 3612 plures
477 3533 746 3615 submerguntur
779 3536 814 3599 in
849 3534 968 3612 fluvio,
999 3555 1101 3619 quem
1136 3537 1284 3602 transire

330 3631 484 3714 oportuit
503 3632 685 3715 fugientes.
739 3633 864 3717 ltaque
882 3655 962 3717 rege
987 3636 1140 3701 Boemiae
1165 3636 1285 3720 Ungu-

332 3733 415 3796 riam
439 3734 600 3810 intrante,
620 3753 679 3796 rex
702 3733 933 3816 Ungariorum
964 3745 1075 3800 terras
1096 3747 1285 3822 usurpatas

332 3834 515 3897 restituens
544 3850 664 3915 pacem
694 3832 786 3912 fecit,
813 3844 848 3899 et
870 3836 1042 3902 mediante
1064 3837 1283 3904 matrimonio

331 3932 499 3996 amicitias
514 3933 548 3994 in
566 3932 716 3997 futurum
734 3934 894 3999 firmavit.

368 4083 373 4114 ¹
392 4087 541 4147 ‘parvorum
550 4082 565 4147 ;‘
585 4089 646 4137 Cod.
661 4089 741 4151 aeg:
759 4095 797 4137 ‘et
824 4091 879 4139 nis.
891 4106 924 4140 on
937 4091 979 4140 the
991 4091 1125 4142 alteration
1136 4095 1167 4144 oi
1178 4095 1221 4146 the
1232 4096 1284 4145 coin

332 4171 389 4214 gros
400 4157 526 4206 'l'ouruais
540 4158 656 4220 Englays
667 4174 698 4220 qe
711 4160 796 4207 valent
823 4161 848 4208 in
863 4161 906 4210 the
923 4163 982 4210 time
998 4161 1028 4211 oi
1043 4164 1156 4214 Edward
1168 4166 1203 4228 1.,
1219 4166 1284 4229 apud

331 4230 795 4289 verraymcntqmturoestcrlingeseu
826 4231 1052 4294 Langtoit,p.238.

331 4295 419 4346 imbuto
431 4302 456 4345 et
470 4293 549 4355 vent?
573 4299 685 4360 llearne,
701 4299 763 4347 from
781 4315 796 4348 a
858 4298 1046 4363 '‘dienerit;'
1059 4304 1098 4354 Μ.
