2896 4860
165 3536 211 3576 'l'h0
219 3537 290 3577 bodlea

166 3587 189 3625 ol
195 3588 231 3626 tha
239 3588 307 3627 'l'hree

167 3637 234 3685 lllnga
243 3649 279 3677 are

166 3688 281 3727 translated

166 3742 187 3775 to
195 3738 294 3787 colegno.

326 391 371 454 54
681 408 753 457 uro.
776 406 924 456 rnrvurr

329 572 450 648 paret:
485 568 577 650 quod
608 568 694 632 'nulli
724 584 877 649 unquam
907 583 1027 647 regum
1056 560 1278 644 antiquorum

328 666 395 728 suit
411 668 628 750 permissum.

381 764 425 829 In
445 774 570 833 octava
589 766 814 832 Pentecostes
832 763 1034 830 Alexander
1054 779 1147 846 papa
1167 761 1281 825 Turo-

331 864 397 929 niis
428 867 611 932 concilium
643 867 766 943 tenuit,
797 866 832 929 in
861 883 930 948 quo
965 859 1282 928 excommunicavit

331 965 574 1045 Octavianum,
592 987 669 1032 cum
692 965 770 1029 aliis
792 963 1036 1030 schismatibus
1057 968 1094 1026 et
1106 958 1281 1043 complici-

331 1067 395 1130 bus
410 1067 492 1131 suis.
546 1066 589 1132 In
608 1066 669 1131 illo
685 1065 831 1130 concilio
852 1064 922 1129 duo
943 1062 1109 1145 episcopi,
1131 1079 1279 1143 quorum

331 1185 436 1230 uuum
450 1172 713 1231 consecraverat
723 1164 975 1229 Teraoonensis
989 1162 1282 1243 archiepiscopus,

329 1267 616 1350 metropolitauus
638 1265 724 1350 ejus,
747 1265 855 1330 alium
876 1262 1156 1345 archiepiscopos
1176 1259 1283 1325 Tole-

332 1374 448 1444 tauus,
466 1367 572 1432 totius
589 1366 771 1448 Hispaniae
789 1365 929 1448 primas,
946 1362 989 1426 de
1005 1355 1282 1443 ¹Pmpiloneusi

332 1467 477 1530 ecclesia
493 1473 576 1530 sunt
590 1465 739 1548 expulsi,
757 1465 799 1529 ad
816 1463 917 1548 cujus
933 1463 1071 1527 titulum
1088 1460 1190 1526 ambo
1207 1459 1282 1524 fue·

332 1573 411 1628 rant
436 1567 649 1644 cousecrati;
675 1572 722 1643 et,
739 1565 841 1629 tertio
862 1565 1064 1645 subrogato,
1078 1577 1280 1627 concessum

333 1673 386 1728 est
414 1666 474 1744 eis,
507 1674 547 1729 ut
576 1666 607 1728 si
637 1673 803 1729 vacantes
830 1663 986 1728 eeclesiae
1012 1681 1073 1727 eos
1102 1666 1281 1734 vocarent,

331 1783 449 1828 carum
465 1765 777 1848 fiereutpraesules.

382 1864 524 1929 Mortuo
540 1865 691 1929 Ricardo
708 1865 869 1947 episeopo
884 1860 1127 1937 londoniensi,
1143 1857 1280 1923 Gilber·

332 1972 388 2027 tus
420 1964 665 2029 Herfordensis
694 1966 875 2047 episcopus
906 1962 950 2026 ad
984 1961 1127 2026 eandem
1163 1958 1279 2023 sedem

331 2063 556 2143 transfertur3
583 2073 618 2128 et
634 2063 801 2128 successit
817 2064 849 2127 ei
870 2063 906 2126 in
929 2062 1044 2127 sedem
1066 2058 1281 2126 Herforden-

328 2183 402 2227 sem
424 2163 590 2247 magister
612 2164 787 2228 Robertus
809 2164 852 2228 de
870 2155 1084 2239 'Malodona
1108 2159 1279 2242 Anglious

330 2263 480 2328 natione.
533 2263 707 2328 Defuncto
731 2264 836 2328 etiam
865 2262 1003 2326 Joanne
1030 2258 1280 2342 wigorniensi,

329 2364 459 2428 electus
479 2373 533 2429 est
554 2366 590 2428 in
610 2365 688 2429 loco
710 2364 785 2449 ejus
809 2371 845 2428 et
862 2363 1083 2427 confirmatus
1103 2360 1276 2442 Rogcrus,

329 2464 464 2528 comitis
478 2464 678 2530 Gloverniae
691 2463 794 2530 filius.

329 2612 338 2617 ρ
347 2637 371 2672 D.
386 2639 410 2673 Ν.
423 2637 442 2674 J.
454 2639 477 2672 C.
567 2639 588 2674 P.
602 2616 763 2674 hortator-ult
778 2638 803 2674 lt.
917 2636 1069 2671 FRANOORUM
1117 2634 1256 2671 ANGLORUM

637 2694 1096 2704 .-.---.----......-

358 2723 461 2761 ucuuv.
495 2725 641 2761 susxascnr
655 2727 695 2763 ru.
713 2726 845 2761 rasornrcr
859 2725 877 2762 1.
906 2722 1081 2761 tooovrcrvn.
1115 2724 1219 2759 uuunrcr
1232 2725 1262 2760 11.

578 2788 603 2830 5.
754 2786 832 2831 tall.
975 2785 1016 2830 27.
1170 2785 1210 2830 lo.

378 2907 570 2973 Tsuarcus
594 2927 708 2972 comes
734 2908 957 2972 Flaudrensis
973 2908 1069 2972 vadit
1081 2907 1277 2973 Jerusalem

329 3007 443 3085 tertio,
473 3018 509 3072 et
534 3008 625 3071 filius
654 3008 730 3092 ejus
756 3008 1004 3090 primogenitus
1032 3007 1213 3091 Philippus
1245 3010 1277 3074 ei

328 3106 523 3183 succedens,
550 3108 652 3172 duxit
678 3107 784 3172 filiam
812 3107 990 3191 Radulphi
1016 3108 1150 3172 comitis
1173 3108 1277 3174 Viro·

329 3208 545 3286 manderrsis3
573 3228 650 3271 cum
676 3202 770 3290 ³qua,
796 3206 956 3272 defuneto
982 3214 1093 3292 patre,
1117 3215 1153 3273 et
1171 3208 1278 3274 fratre

329 3307 524 3390 elephantia
550 3327 725 3390 percusso,
753 3309 840 3372 duos
868 3307 1000 3373 scilicet
1027 3308 1278 3374 Viromaudeu·

329 3427 401 3471 sem
420 3416 455 3472 et
472 3401 626 3472 ⁴comitis
647 3408 817 3473 Desiderii
833 3409 982 3473 obtinuit
998 3408 1193 3473 comitatus.

379 3507 573 3572 Rainaldus
606 3507 821 3572 Coloniensis
847 3508 990 3586 electus,
1016 3508 1189 3573 Frederici
1214 3509 1279 3573 im-

328 3608 498 3690 peratoris
515 3607 753 3687 cancellarius,
769 3609 872 3673 trium
885 3628 1064 3691 magorum
1079 3628 1224 3693 corpora
1234 3610 1277 3674 de

329 3706 529 3772 Mediolano
552 3706 730 3772 Coloniam
751 3708 941 3786 transtulit,
964 3729 1108 3793 quorum
1131 3728 1278 3793 corpora

327 3808 463 3890 integra
479 3809 642 3881 exterius
663 3818 830 3891 quantum
854 3817 966 3873 eutem
990 3818 1025 3874 et
1041 3810 1198 3893 capillos,
1215 3829 1278 3893 ap-

328 3915 462 3989 parent.
515 3906 761 3991 Quantumque
787 3929 831 3973 ex
858 3930 975 3973 eorum
1004 3910 1169 3993 adspectu
1194 3929 1277 3974 cou-

363 4065 371 4096 ¹
388 4069 397 4097 ‘
408 4068 556 4130 Pampilone
568 4069 583 4129 ς’
594 4064 661 4118 D’A.
850 4067 860 4096 ³
876 4070 920 4118 All
930 4069 972 4118 the
985 4070 1059 4119 MSS.
1071 4070 1136 4119 have
1149 4066 1236 4132 ‘qua’

360 4134 371 4166 ²
387 4138 564 4198 ‘Moledone;’
601 4141 656 4188 lt:
686 4139 788 4188 ‘Male-

326 4207 399 4256 douae
409 4203 426 4268 ;'
438 4208 484 4258 Ar.
849 4207 858 4236 ⁴
873 4211 881 4237 ‘
892 4210 987 4260 Montis
1000 4210 1129 4262 Desiderii
1139 4211 1158 4273 ς’
1169 4206 1238 4260 D'A.
