2896 4860
327 367 393 433 188
686 385 758 434 ruo.
781 386 928 434 rmvrrr

166 556 306 649 Kinrsohph
328 566 468 628 regnum
489 545 669 610 Hiberniae
691 565 768 609 cum
792 547 885 610 omui
902 545 983 629 jure
1005 553 1040 609 et
1062 542 1279 627 pertinentiis

166 606 227 648 letter
235 616 257 649 to
265 616 273 650 t

165 668 225 707 pope.

326 645 410 722 suis,
437 667 499 729 pro
521 646 754 728 redemptione
774 655 994 728 peccatorum
1018 653 1225 718 nostrorum,
1244 650 1279 707 et

328 748 434 811 totius
468 748 602 829 generis
630 747 751 822 nostri,
776 755 847 811 tam
878 766 940 830 pro
967 746 1056 811 vivis
1082 765 1187 829 quam
1213 762 1277 826 pro

327 845 510 923 defunctis,
535 856 570 911 et
592 846 715 910 amodo
742 847 803 910 illa
825 868 847 911 a
874 847 954 912 Deo
980 855 1016 913 et
1035 846 1181 911 ecclesia
1207 844 1278 909 Ro·

327 967 441 1025 mana,
461 957 626 1032 tanquam
643 947 827 1027 feodarius,
848 949 1053 1031 recipientes
1070 954 1106 1012 et
1121 955 1278 1011 tenentes

327 1049 362 1111 in
389 1049 574 1131 praeseutia
602 1048 782 1131 prudentis
809 1050 876 1113 viri
905 1047 1117 1131 Pandulphi,
1148 1045 1278 1111 domini

327 1169 428 1231 papae
445 1149 645 1214 subdiaconi
660 1156 695 1212 et
711 1148 889 1213 familiaris
902 1169 911 1228 3
935 1149 1134 1214 fidelitatem
1150 1146 1277 1211 exinde

327 1249 465 1314 domino
486 1270 586 1334 papae
610 1248 776 1332 praedicto
797 1248 1012 1326 Innocentio,
1034 1248 1178 1333 ejusque
1198 1266 1278 1311 suo·

327 1352 521 1414 cessoribus
548 1349 750 1426 Catholicis,
773 1358 810 1414 et
835 1350 990 1415 ecclesiae
1018 1350 1200 1426 Romanae,
1222 1366 1277 1411 se-

328 1450 474 1514 cundum
504 1451 732 1533 subscriptam
764 1449 921 1527 sormam,
950 1459 986 1515 et
1012 1450 1210 1532 homagium
1236 1447 1279 1511 li·

328 1553 421 1632 gium
445 1549 552 1615 eidem
583 1551 739 1627 fecimus,
763 1551 854 1616 sicut
874 1552 910 1615 iu
939 1551 1125 1634 praesentia
1148 1548 1284 1629 dominin

328 1671 429 1734 papae
463 1651 640 1728 faciemus,
674 1671 788 1717 coram
821 1671 862 1716 eo
895 1651 1169 1736 quandocunque
1202 1668 1279 1713 esse

329 1751 528 1834 poterimus.
580 1751 803 1816 successores
818 1760 954 1816 nostros
971 1751 1015 1815 de
1032 1771 1141 1815 uxore
1159 1757 1279 1814 nostra

329 1853 582 1935 inperpetuum
599 1853 806 1934 obligantes,
824 1861 863 1917 ut
877 1851 980 1915 simili
994 1851 1096 1916 modo
1113 1844 1279 1934 ¹poutifici

330 1953 389 2036 qui
408 1972 470 2034 pro
494 1964 646 2035 tempore
666 1953 780 2029 luerit,
798 1962 831 2017 et
848 1952 1003 2018 ecclesiae
1019 1952 1187 2017 Romanae
1204 1951 1279 2015 sine

329 2052 600 2117 contradictione
631 2053 778 2118 debeant
809 2053 1007 2118 fidelitatem
1038 2060 1216 2135 praestare,
1242 2060 1278 2116 et

330 2154 526 2234 homagium
542 2174 799 2237 recognoscere.

380 2252 460 2319 ‘Ad
486 2254 648 2319 indicium
674 2256 776 2339 hujus
801 2264 976 2339 perpetuae
994 2262 1122 2319 nostrae
1144 2253 1278 2336 obliga-

210 2421 212 2424 .
331 2356 434 2419 tionis
457 2362 492 2420 et
514 2355 745 2420 concessionis
768 2355 927 2420 volumus
952 2364 987 2420 et
1010 2355 1216 2432 stabilimus,
1240 2363 1279 2419 ut

328 2456 372 2519 de
394 2455 541 2538 propriis
563 2463 599 2520 et
617 2456 824 2538 specialibus
846 2457 1012 2521 reditibus
1038 2455 1278 2539 praedictorum

331 2576 514 2637 regnorum
552 2564 745 2620 nostrorum
785 2577 849 2641 pro
888 2558 980 2620 omni
1019 2556 1279 2635 cousuetudine,

330 2675 433 2739 quam
453 2677 516 2740 pro
539 2656 624 2739 ipsis
645 2656 758 2722 lacere
780 2657 954 2735 dehemus,
971 2657 1070 2721 salvo
1087 2676 1148 2740 per
1164 2658 1280 2722 omnia

330 2758 470 2822 denario
498 2756 533 2820 S.
551 2757 659 2833 Petri,
680 2757 825 2823 ecclesia
851 2758 1012 2823 Romana
1031 2758 1125 2822 mille
1145 2776 1279 2823 marcas

330 2857 572 2940 sterlingorum
595 2859 764 2942 percipiat
785 2860 985 2924 aunuatim:
1009 2860 1120 2942 primo
1136 2859 1173 2922 iu
1189 2858 1280 2924 festo

331 2959 367 3022 S.
386 2958 569 3021 Michaelis
594 2960 813 3042 quingentas,
834 2968 870 3024 et
892 2961 927 3023 in
952 2959 1089 3023 Pascha
1115 2959 1280 3043 quingen-

333 3068 386 3122 tas
402 3079 411 3137 3
434 3059 673 3141 septingentas
692 3080 753 3143 pro
770 3080 876 3143 regno
890 3056 1041 3143 Angliae,
1058 3068 1094 3124 et
1108 3067 1281 3125 trecentas

333 3179 395 3242 pro
417 3178 525 3241 regno
548 3158 748 3225 Hiberniae:
774 3161 881 3224 salvis
909 3161 1019 3236 uobis,
1040 3167 1075 3226 et
1098 3160 1281 3225 heredibus

335 3261 474 3336 nostris,
487 3259 648 3344 justitiis,
662 3262 891 3339 libertatibus,
902 3268 938 3326 et
953 3261 1126 3344 regalibus
1139 3262 1280 3326 uostris.

334 3360 423 3439 Quae
435 3360 550 3423 omnia
564 3353 700 3448 ²[sicut]
715 3362 915 3444 supradicta
929 3371 1023 3440 sunt,
1039 3371 1115 3427 rata
1130 3381 1208 3427 esse
1218 3382 1280 3428 vo·

335 3461 456 3536 lentes,
475 3469 510 3525 et
525 3469 693 3546 perpetua
709 3470 814 3545 atque
831 3462 941 3540 firma,
958 3462 1150 3546 obligamus
1168 3482 1233 3528 nos
1247 3472 1283 3528 et

335 3580 550 3626 successores
571 3571 707 3626 nostros
728 3571 851 3627 contra
871 3583 940 3627 non
960 3565 1092 3644 venire3
1115 3573 1151 3630 et
1168 3565 1198 3628 si
1219 3583 1283 3629 nos

335 3662 390 3726 vel
406 3662 530 3745 aliquis
550 3682 785 3727 successorum
809 3671 1001 3728 nostrorum
1023 3664 1089 3729 hoc
1111 3672 1284 3731 attentare

335 3763 604 3846 praesumpserit,
633 3764 829 3847 quicunque
850 3765 954 3829 fuerit
980 3764 1049 3843 ille,
1075 3765 1142 3829 uisi
1163 3766 1284 3831 admo·

336 3864 428 3927 nitus
445 3865 637 3946 resipuerit,
655 3863 758 3928 cadat
772 3865 885 3949 ajure
902 3867 1011 3948 regni.

371 4137 376 4165 ¹
397 4140 510 4188 ‘summo
522 4137 656 4203 pontilici3’
669 4142 707 4192 lli.
716 4146 740 4191 et
748 4142 795 4193 Ar.
822 4144 907 4205 MSS,
926 4144 1085 4207 issupplied
1103 4144 1165 4194 irum
1182 4144 1285 4208 Rymr,

370 4208 379 4236 ¹
394 4210 457 4259 ‘l'hie
463 4211 544 4274 word,
554 4212 658 4262 omitted
670 4213 696 4262 in
707 4213 743 4263 all
754 4213 795 4264 the
821 4215 838 4264 i.
853 4217 908 4264 ltu.
