2896 4860
521 404 701 452 Anninus.
1040 392 1084 456 47

131 560 227 638 sivit,
257 580 364 625 unum
391 560 499 626 filium
532 563 654 627 habuit
687 563 913 642 Willeimum,
944 572 982 630 et
1015 573 1084 630 tres

131 661 242 741 filias3
276 681 421 745 quarum
450 682 555 727 unam
586 664 687 728 duxit
712 684 827 729 comes
852 665 1085 745 Tholosanus,

133 781 319 842 germanus
338 763 538 846 Raymuudi
560 764 694 828 comitis
714 764 903 847 S.AEgidii,
926 773 1021 830 etex
1043 785 1084 830 ea

132 860 239 925 filiam
276 864 414 929 unicam
450 865 657 946 procreavit,
688 884 791 947 quarn
823 874 945 948 postea
984 866 1085 930 duxit

133 960 331 1026 Willelmns
360 964 434 1028 dux
456 962 669 1047 Aquitaniae,
697 975 732 1029 et
761 985 876 1030 comes
903 965 1084 1044 Pictaviae,

135 1062 309 1145 accipiens
342 1083 420 1128 cum
447 1083 489 1128 ea
517 1064 741 1129 hereditatem
769 1073 957 1147 paternam.
1011 1066 1085 1130 Iste

135 1170 251 1226 autem
269 1163 478 1242 WillelmuS,
496 1185 558 1247 pro
574 1166 720 1248 pecunia
735 1165 894 1230 habenda
908 1166 943 1229 in
963 1160 1084 1248 ¹enpa-

135 1262 266 1327 ditione
279 1264 559 1341 Tamasenum,
575 1266 750 1329 civitatem
767 1265 967 1343 Tholosam,
981 1286 1085 1349 quam

136 1381 214 1426 cum
250 1383 360 1428 uxore
394 1384 459 1429 sua
489 1372 682 1448 acceperat,
715 1366 961 1448 impignoravit
989 1366 1086 1449 Ray·

136 1463 264 1528 mundo
281 1465 399 1528 comiti
413 1464 600 1546 S.AEgidii,
615 1473 740 1547 patruo
755 1466 875 1529 uxoris
890 1486 975 1531 suae.
1006 1466 1086 1546 Quo

135 1571 286 1641 mortuo,
301 1565 412 1629 tenuit
422 1565 566 1628 eandem
581 1565 755 1629 civitatem
768 1559 979 1630 ²Amforcius
994 1567 1086 1630 filius

136 1663 225 1747 ejus,
251 1670 288 1728 et
308 1673 388 1748 post
408 1673 551 1729 mortem
567 1663 733 1729 Amsorcii
751 1666 978 1751 Raymuudus
995 1666 1086 1732 filius

137 1763 225 1847 ejus,
244 1764 304 1846 qui
323 1757 500 1847 S.AEgidii
516 1785 631 1830 comes
646 1765 722 1829 suit.
757 1766 953 1831 Willelmus
971 1775 1085 1831 autem

137 1863 210 1927 dux
226 1862 440 1946 Aquitaniae,
459 1866 518 1948 qui
540 1865 728 1930 Tholosam
750 1866 1008 1949 impignoravit,
1026 1888 1086 1950 ge·

136 1964 213 2028 nuit
229 1964 442 2029 Wilielmum
460 1986 505 2030 ex
522 1965 594 2030 filia
611 1972 646 2030 et
663 1966 787 2030 herede
804 1967 940 2031 comitis
957 1967 1086 2031 Tholo-

137 2065 236 2144 saui3
264 2067 323 2149 qui
340 2065 548 2144 Willelmus,
571 2075 724 2149 paternae
747 2073 783 2131 et
802 2075 968 2131 maternae
992 2068 1088 2132 here·

138 2165 259 2229 ditatis
288 2185 478 2245 successor,
512 2174 613 2250 pater
645 2174 722 2232 erat
752 2166 927 2231 Aliauorae
960 2170 1088 2250 reginae

142 2264 293 2347 Augiiue,
310 2267 354 2330 ad
372 2286 475 2350 quam
493 2274 658 2349 tauquam
675 2267 833 2332 heredem
856 2268 974 2332 debuit
994 2268 1089 2332 here·

139 2366 231 2430 ditas
267 2375 412 2450 patema
449 2367 599 2432 devolvi.
659 2368 740 2432 Rex
775 2368 881 2449 igitur
914 2367 1089 2432 Henricus

139 2466 374 2532 Tholosanam
390 2467 579 2546 civitatem,
602 2487 663 2550 per
681 2487 783 2532 avum
806 2468 925 2531 uxoris
948 2488 1020 2532 suae
1038 2469 1090 2532 iu·

140 2567 330 2645 radiatam,
348 2567 541 2645 vindicans,
558 2587 635 2632 cum
653 2568 807 2632 exercitu
825 2586 951 2649 magno
973 2577 1090 2651 partes

141 2667 359 2732 Tholosanas
375 2668 565 2749 ingressus,
580 2669 755 2733 civitatem
775 2667 1033 2745 caturcensem,
1055 2677 1091 2732 et

142 2787 306 2851 maguam
327 2776 459 2852 partem
486 2768 671 2834 comitatus
695 2768 896 2845 Tholosaui,
923 2768 988 2833 sibi
1011 2769 1091 2833 sub-

138 2867 235 2952 jecit.
288 2867 344 2933 Ad
367 2868 457 2934 hauc
477 2869 731 2953 expeditionem
749 2870 844 2934 venit
865 2863 1254 2973 ³M³¹⁰⁰¹mu⁸fflfss¹jf¹⁸

143 2987 206 3032 rex
230 2968 369 3045 Scotiae,
397 2976 433 3033 et
451 2971 495 3033 ab
517 2969 672 3033 Henrico
697 2989 778 3051 rege
803 2967 997 3051 Anglorum
1022 2970 1228 3072 cin-sorpto·

144 3068 228 3151 gulo
251 3068 383 3134 militiae
405 3077 460 3135 est
474 3070 661 3134 accinctus.
713 3068 868 3134 Audiens
893 3077 1007 3133 autem
1029 3089 1091 3133 rex
1102 3045 1162 3085 ”m
1189 3061 1194 3072 '

144 3166 285 3252 Angliae
314 3189 429 3252 regem
460 3169 672 3235 Lodovicum
703 3170 879 3234 civitatem
905 3168 1092 3233 Tholosam

144 3270 308 3347 munisse,
324 3277 360 3335 et
375 3290 450 3334 eum
467 3270 557 3335 velle
574 3290 637 3354 pro
655 3269 864 3352 Raymundo
881 3270 1012 3334 sororio
1029 3290 1094 3334 suo

143 3378 267 3434 contra
279 3385 396 3453 regem
411 3370 550 3453 Angliae
566 3369 758 3448 defendere,
773 3369 985 3435 obsidionem
999 3370 1094 3434 Tho-

144 3469 230 3534 losae
243 3489 285 3535 ea
299 3469 375 3535 vice
387 3470 526 3534 dimisit.

196 3570 370 3652 Magister
387 3570 512 3635 Petrus
524 3570 821 3653 Lombardus,qui
839 3570 1094 3634 Sententiarum
1107 3601 1213 3640 rassin

145 3669 270 3734 librum
282 3670 750 3754 compilavit,etPsalterium
762 3689 803 3734 ac
809 3670 985 3753 Epistulas
992 3669 1094 3735 Pauli
1107 3651 1217 3691 “mm

145 3770 328 3853 glossavit,
341 3770 406 3836 hoc
418 3791 508 3836 anuo
524 3770 637 3836 factus
652 3778 706 3836 est
722 3771 904 3854 episcopus
921 3770 1095 3835 Parisien-

144 3985 248 4054 tonum‚’
259 3993 377 4056 properly
390 3992 534 4053 Meritonii3
552 4007 609 4040 novv
670 3987 680 4018 ²
696 3991 713 4041 i.
731 4007 752 4040 e.
768 3990 925 4055 Alphonsus.
962 3992 1035 4041 From
1051 3993 1098 4042 ‘fi-

147 4064 269 4127 Mortuin‚
290 4065 317 4113 in
339 4065 379 4114 La
400 4063 521 4125 Manche,
542 4062 609 4112 Nor·
635 4061 686 4110 lius
703 4061 777 4126 ejus,'
799 4067 825 4111 to
849 4062 936 4111 ‘filius
956 4063 1013 4125 ejus
1035 4058 1097 4127 qui,'

147 4135 250 4196 mundy.
635 4147 679 4181 are
690 4132 795 4181 omitted
806 4133 832 4180 in
844 4127 912 4182 D'A.

184 4202 192 4233 ¹
209 4202 415 4266 ‘expeditionem
427 4198 442 4265 ;'
454 4197 522 4253 D'A.
670 4200 681 4234 ¹
696 4203 705 4231 ‘
717 4203 872 4252 Malcolinus
882 4202 898 4264 ;'
911 4202 980 4254 D'A.
