2896 4860
528 379 712 428 inurens.
1029 363 1095 428 327

140 556 258 600 eorum
287 546 322 601 et
351 538 456 602 laudo
484 539 548 601 sub
579 546 675 602 certa
704 537 917 620 obligatione
945 557 982 602 se
1013 540 1229 603 sub-conanum

139 638 268 714 mittat,
294 638 375 701 dum
404 648 518 703 tamen
547 658 607 702 rex
638 639 853 703 Francorum
876 659 913 702 se
946 606 1241 705 submit-'3339'

140 745 193 801 tat
215 746 250 803 et
273 738 406 821 obliget
427 739 502 822 pari
528 739 640 802 modo.
706 738 743 803 Si
767 759 849 803 vero
876 739 1005 822 aliquid
1032 760 1091 806 oc·

138 847 256 902 currat
277 847 348 903 tam
377 838 534 916 arduum,
559 839 650 923 quod
679 859 741 922 per
764 840 913 903 arbitros
941 849 1091 923 nequeat

139 931 280 1017 ¹decidi,
306 937 539 1004 diffiniendum
566 941 704 1022 regibus
726 947 944 1020 reservetnr;
969 949 1005 1004 et
1025 961 1089 1007 rex

140 1037 278 1122 Angliae
296 1040 416 1105 habito
439 1040 611 1106 conductu
631 1040 676 1105 ad
694 1060 811 1124 regem
837 1041 1008 1118 Franciae‚
1032 1061 1088 1106 ac-

139 1141 315 1205 cedentem
339 1140 384 1205 ad
410 1141 559 1224 aliquam
578 1141 696 1205 villam
720 1141 941 1217 maritimam,
960 1140 1087 1220 veniet,

139 1249 178 1307 ut
212 1240 255 1305 de
281 1261 424 1307 assensu
457 1249 577 1305 mutuo
607 1241 685 1306 finis
707 1243 848 1325 negotio
877 1241 1086 1325 imponatur.

140 1341 241 1421 Quod
266 1343 296 1405 si
321 1362 384 1406 nec
408 1342 499 1406 istud
519 1362 580 1405 rex
609 1342 821 1407 Francorum
841 1343 1086 1425 acceptaverit,

139 1442 174 1505 in
202 1463 373 1506 summum
405 1442 615 1524 pontificem,
645 1443 746 1527 cnjus
779 1450 834 1508 est
863 1443 955 1506 inter
987 1463 1086 1526 reges

139 1550 174 1607 et
196 1563 304 1625 regna
325 1563 444 1627 pacem
468 1545 596 1620 fovere,
624 1544 852 1608 transferatur
870 1544 913 1607 de
941 1563 1085 1609 assensu

138 1651 259 1707 mutuo
292 1644 491 1727 negotium3
523 1643 578 1708 vel
615 1643 716 1731 (quia
745 1653 828 1710 tunc
859 1644 958 1709 sedes
981 1663 1087 1709 vaca·

139 1741 216 1828 bat)
245 1744 287 1808 ad
321 1745 512 1810 cardinales
535 1765 653 1810 omnes
676 1746 731 1810 vel
757 1745 906 1828 aliqn0S,
934 1753 985 1822 ut,
1013 1744 1085 1810 litis

136 1851 173 1908 et
202 1845 382 1911 discordiae
417 1847 577 1910 submota
609 1847 766 1924 materia,
799 1866 870 1930 pax
903 1847 993 1911 inter
1024 1865 1085 1910 eos

137 1964 323 2029 eorumque
346 1948 493 2030 populos
513 1945 674 2011 refloreat
697 1957 735 2011 ut
758 1947 902 2011 solebat.

187 2044 326 2127 Sprevit
355 2047 427 2111 haec
453 2048 569 2111 omnia
608 2046 788 2110 concilium
822 2046 991 2123 Franciac,
1021 2066 1219 2120 accrescant,-

138 2144 267 2208 nuntiis
293 2146 461 2210 instanter
484 2146 722 2229 flagitantibus
744 2146 924 2228 dignatum
946 2153 1000 2209 est
1019 2146 1082 2210 ali·
1096 2122 1182 2160 Μ’

137 2245 219 2328 quid
250 2247 466 2330 respondere.
527 2247 627 2310 Misit
655 2246 801 2329 denique
832 2266 893 2310 rex
929 2245 1082 2310 Franco-

138 2344 212 2409 ru'm
246 2347 289 2410 ad
323 2349 498 2413 civitatem
535 2347 697 2429 Agennii,
729 2365 807 2429 quae
843 2346 886 2410 ad
920 2347 1083 2411 ducatum

138 2444 336 2528 Aquitaniae
350 2456 506 2530 spectare
520 2447 735 2529 dignoscitur
749 2468 758 2526 ;
789 2447 905 2530 ibique
928 2447 1083 2511 nomina·
1095 2469 1225 2569 ml}

137 2547 198 2611 tim
216 2548 316 2612 citari
338 2548 417 2613 secit
432 2568 547 2629 regem
565 2546 716 2630 Angliae,
733 2557 772 2613 ut
796 2548 852 2610 die
874 2555 969 2611 certa
984 2546 1083 2612 Parr·
1095 2570 1248 2620 puerum

138 2647 199 2710 siis
227 2658 451 2731 compareret,
481 2649 524 2712 de
557 2648 692 2732 injuriis
718 2656 754 2713 et
780 2648 1025 2712 rebellionibus
1047 2649 1083 2711 in

138 2756 232 2813 terra
244 2749 345 2813 sactis
355 2749 541 2814 Vaseoniae
556 2768 804 2832 responsurus:
821 2768 923 2831 quem
933 2749 976 2812 ad
992 2748 1081 2812 diem
1095 2763 1140 2808 but.
1150 2761 1226 2809 saltur

138 2848 321 2930 praefixum
347 2870 415 2914 non
442 2859 711 2934 comparentem,
727 2869 789 2914 rex
812 2850 1023 2915 Francorum
1047 2810 1239 2913 intilliltl'

137 2950 278 3031 llfflpria
311 2970 458 3032 persona
489 2970 552 3033 pro
585 2951 750 3016 tribunali
783 2951 919 3028 sedens,
948 2956 1084 3015 senten.
1097 2912 1210 2964 ”mul

138 3049 222 3113 tiam
248 3050 392 3133 protulit
417 3051 579 3134 judicans
606 3052 642 3115 in
671 3051 833 3132 desectu;
867 3051 1085 3116 constabula-

139 3150 257 3233 rioque
282 3151 437 3216 Franciae
463 3172 545 3216 mox
575 3154 749 3235 praecepit,
775 3160 814 3216 ut
840 3152 875 3215 in
902 3171 1005 3215 manu
1029 3171 1085 3215 ar·

138 3258 233 3315 mata
279 3252 511 3333 proficiscens,
549 3252 711 3317 ducatum
754 3253 955 3336 Aquitaniae
992 3252 1085 3334 regis

141 3350 352 3415 Francorum
393 3354 530 3417 nemine
561 3360 758 3436 occuparet,
789 3360 997 3436 caperetque
1029 3351 1085 3416 vel

138 3451 328 3534 expelleret
358 3473 592 3536 quoscumque
624 3473 686 3535 per
719 3472 835 3533 regem
866 3452 1006 3535 Angliae
1043 3452 1086 3515 il·

138 3552 205 3615 lius
237 3553 402 3617 custodiae
424 3554 620 3636 deputatos.
672 3552 850 3634 Siquidem
874 3553 980 3635 paulo
1004 3561 1085 3617 ante
1100 3572 1246 3658 culpatus

139 3653 280 3718 miserat
311 3654 394 3718 illuc
420 3675 481 3717 rex
515 3653 652 3735 Angliac
683 3651 854 3717 loannem
885 3654 928 3716 de
957 3653 1086 3717 Sancto
1099 3624 1187 3732 illiti
1196 3670 1220 3745 ος

138 3750 290 3832 Joanne,
318 3755 460 3818 militem
485 3754 684 3829 discretum,
707 3754 742 3817 in
768 3752 873 3817 armis
897 3725 1221 3829 strenuurrr,¹¹‘¹'¹'“¹¹¹“

139 3862 174 3918 et
205 3855 237 3917 in
270 3857 372 3919 rebus
397 3855 527 3918 bellicis
555 3847 806 3933 exercitaturn;
840 3855 899 3936 qui
927 3852 1088 3917 civitates

139 3963 174 4019 ct
204 3964 320 4020 castra
352 3977 412 4039 per
444 3963 554 4020 totum
586 3955 749 4020 ducatum
781 3955 909 4038 optime
941 3953 1088 4017 nrunivit

469 4108 571 4117 -..--·
583 4108 613 4113 —--
636 4107 656 4113 -.
681 4107 685 4111 .
708 4107 711 4111 .
830 4106 920 4111 --------
957 4103 1049 4111 -ὴ-
1067 4103 1071 4107 ·

427 4205 434 4236 ¹
454 4208 529 4256 llall:
543 4203 697 4267 ‘deaclndls
712 4206 793 4255 rllb'S.
