2896 4860
362 386 429 453 272
724 402 796 451 nro.
820 401 966 450 rnrvnm

201 581 342 630 nucinam
364 567 444 642 post
473 558 547 623 dies
572 577 723 642 paucos;
758 578 939 642 comesque
969 560 1042 640 regi
1073 558 1315 642 reconciliatur

200 632 342 722 mappa
363 680 425 742 per
450 658 690 722 mediationem
718 658 859 724 Ricardi
884 659 976 741 regis
998 659 1245 735 Romanorum,
1272 678 1313 723 ac

363 759 509 823 illustris
539 759 657 822 militis
689 757 841 841 Philippi
871 759 1032 836 Basseth‚
1064 759 1179 843 posita
1208 778 1313 841 poena

362 858 480 923 decem
504 858 648 922 millium
673 877 865 923 marearum
889 860 918 922 si
941 879 1056 923 comes
1078 861 1113 923 in
1136 866 1312 941 posterum

363 958 546 1022 tumultum
576 957 725 1039 aliquem
760 967 1001 1023 commoveret.
1054 959 1156 1024 Circa
1187 958 1312 1023 festum

362 1057 396 1122 S.
414 1056 596 1123 Michaelis
616 1077 678 1121 rex
695 1078 772 1121 cum
790 1078 917 1141 magno
931 1060 1087 1123 exercitu
1104 1059 1199 1122 venit
1213 1058 1312 1123 Salo·

265 1192 271 1207 ·
362 1159 467 1240 piam,
497 1159 533 1221 in
564 1156 728 1221 Walliam
756 1178 1014 1241 progressurus,
1051 1167 1091 1222 ut
1122 1159 1311 1242 principem

362 1257 438 1341 ejus
457 1255 678 1334 Lewelinum‚
696 1259 756 1339 qui
779 1266 912 1341 partem
935 1259 1070 1323 comitis
1093 1257 1252 1340 Symonis
1274 1259 1309 1321 in

362 1376 427 1421 sua
460 1358 727 1441 praesumptione
757 1367 879 1423 contra
914 1378 1029 1441 regem
1059 1351 1219 1434 ¹foverat,
1251 1358 1310 1421 de·

361 1456 516 1521 bellaret.
569 1455 618 1520 At
640 1457 709 1534 ille,
730 1458 843 1522 missis
866 1458 908 1522 ad
933 1478 1048 1540 regem
1072 1458 1213 1534 nuntiis,
1229 1450 1310 1521 ²tri·

361 1556 460 1636 ginta
498 1556 606 1620 millia
641 1555 804 1621 librarum
840 1558 1084 1640 sterlingorum
1123 1577 1186 1640 pro
1227 1576 1311 1639 paee

362 1655 519 1720 habenda
541 1657 614 1738 regi
631 1658 824 1721 concessit:
849 1659 967 1740 sieque
990 1658 1238 1722 interveniente
1261 1657 1310 1721 le·

360 1764 445 1837 gato
468 1756 628 1820 restituta
650 1765 703 1821 est
723 1757 869 1840 principi
891 1766 983 1822 terra
1009 1765 1158 1841 quatuor
1177 1763 1309 1822 cantre

360 1855 494 1933 dorum,
509 1875 612 1938 quam
630 1875 693 1921 rex
715 1856 906 1922 abstulerat
923 1857 954 1922 ei
971 1859 1052 1941 Jure
1074 1856 1164 1921 belli.
1216 1849 1309 1920 ³Sol·

360 1955 470 2019 danus
494 1955 709 2038 Babyloniae,
732 1964 871 2022 vastata
895 1956 1072 2034 Armenia,
1088 1955 1308 2021 Antiochiam

361 2075 465 2120 unam
489 2055 532 2119 de
559 2055 800 2121 famosioribus
821 2057 1019 2123 civitatibus
1045 2057 1137 2120 orbis
1164 2056 1309 2121 abstulit
1367 2062 1376 2074 '

361 2155 578 2232 Christianis,
593 2162 629 2220 et
645 2165 716 2220 tam
731 2156 814 2220 viris
837 2175 941 2239 quam
964 2156 1162 2221 mulieribus
1185 2157 1308 2220 occisis

359 2264 395 2320 et
412 2257 535 2338 captis,
559 2256 595 2319 in
624 2256 842 2321 solitudinem
862 2250 989 2340 ⁴ipsam
1018 2256 1160 2338 redegit.
1213 2255 1310 2320 Obiit

359 2353 516 2420 Joannes
551 2354 725 2434 Gervasii‚
757 2356 1006 2421 Wintoniensis
1045 2356 1239 2440 episcopus,
1275 2363 1310 2420 et

359 2454 509 2520 Viterbii
524 2455 700 2538 sepelitur.
1242 2450 1248 2463 '

387 2667 516 2706 u.u.t.o.
619 2667 817 2704 attomtuotturt
830 2668 856 2705 B.
953 2669 1106 2705 trancosum
1144 2669 1282 2705 suetonum

360 2649 523 2880 Ῑ-Ιῦὓίι-ΧῊῙΙ.
565 2755 747 2793 clunabulum.
804 2756 905 2792 alutam
953 2756 1067 2792 romulei
1079 2756 1116 2794 lx.
1137 2756 1240 2792 irrumet
1250 2757 1290 2794 111.

1198 2818 1239 2864 52.

410 2951 630 3017 Orrououus
651 2952 800 3034 legatus,
818 2953 1008 3017 Londoniis
1021 2973 1215 3018 convocans
1229 2973 1307 3018 con-

358 3051 487 3128 cilium,
518 3052 628 3116 multa
657 3054 781 3118 statuit
808 3054 852 3117 ad
887 3053 1164 3118 reformationem
1193 3063 1307 3119 status

358 3151 512 3216 ecclesiae
536 3150 750 3234 Anglicanae.
804 3151 886 3216 Non
917 3154 1062 3218 multum
1098 3174 1180 3219 vero
1216 3163 1307 3237 post,

357 3270 458 3316 cruce
481 3251 628 3331 signatis
651 3251 742 3335 apud
765 3251 1091 3336 Nortbamptoniam
1115 3254 1193 3318 filiis
1215 3256 1306 3336 regis

358 3350 530 3415 Edwardo
561 3360 596 3416 et
625 3352 841 3430 Eadmundo,
873 3372 914 3417 ac
943 3355 1067 3418 comite
1096 3352 1306 3431 Gloverniae,

358 3470 436 3515 cum
467 3451 585 3516 multis
616 3452 788 3516 nobilibus
817 3452 861 3516 ad
895 3453 1023 3516 curiam
1053 3461 1107 3517 est
1136 3473 1306 3519 reversus.

197 3582 287 3622 rme
360 3549 550 3615 Edwardus
577 3551 612 3615 S.
638 3551 813 3617 Lodovico
843 3552 1053 3616 Francorum
1079 3553 1154 3635 regi
1183 3554 1307 3637 impig-

194 3633 321 3732 fflffim
358 3659 459 3716 norat
474 3650 697 3729 Vasconiam,
719 3652 891 3734 accipiens
913 3653 1016 3716 abeo
1043 3653 1222 3735 pecuniam
1246 3674 1306 3717 ne·

195 3733 324 3833 {lssgf‘m‘h
357 3752 542 3857 cespariam
574 3771 636 3834 pro
667 3752 789 3816 itinere
821 3751 939 3816 Terrae
969 3752 1119 3818 Sanctae.
1171 3752 1306 3835 Corpus

357 3852 450 3915 beati
468 3850 629 3914 Edwardi
647 3852 738 3934 regis
760 3860 795 3916 et
813 3851 1031 3930 confessoris,
1051 3853 1202 3916 instante
1223 3873 1305 3935 rege

358 3964 1306 4068 Μ

355 4072 817 4206 βέἷὲιοῗῆὲεἷιῖγαῖιτῗὲιζέἑῑῗωῃ’
842 4075 886 4171 Tr?
904 4140 1015 4204 ‘attans
1029 4145 1066 4194 ru.

390 4212 400 4239 ²
416 4214 536 4276 ‘triginta
546 4214 598 4264 duo
608 4214 689 4264 millia
696 4209 711 4276 ;'
723 4215 771 4265 Ar.
