2896 4860
204 621 280 660 vorke.

365 373 431 440 290
726 388 801 437 ruc.
818 387 966 436 sarvam

204 568 349 618 nanuum
367 549 444 627 dus,
463 547 616 634 ejusdem
636 548 765 626 socius,
786 548 977 630 recollegit.
1020 548 1152 612 Iterum
1170 548 1322 613 Lectura

367 670 471 733 super
506 650 529 715 J
533 669 679 714 oannem
718 657 754 712 et
794 668 899 733 super
937 649 1076 713 tertium
1115 659 1322 715 nocturnum

369 751 544 828 Psalterii,
559 743 785 816 ¹Collationes
800 750 843 815 de
872 749 1041 814 Oratione
1075 750 1258 816 Dominica
1286 759 1323 814 et

369 850 546 935 Symbolo.
583 851 673 914 Item
685 844 910 915 ¹Collationes
927 851 1161 915 Dominicales
1182 858 1217 915 et
1237 851 1322 915 Fes-

369 955 462 1017 tivee.
514 951 604 1015 Item
637 944 864 1016 'collationes
896 951 939 1015 de
969 950 1086 1015 decem
1121 950 1322 1034 Praeceptis,

370 1072 459 1136 quas
474 1051 615 1134 collegit
633 1051 740 1115 frater
762 1051 888 1115 Petrus
903 1052 945 1115 de
962 1050 1085 1116 Adria.
1132 1051 1222 1116 ltem
1240 1051 1323 1115 Lec-

371 1163 450 1218 tura
472 1172 577 1235 super
601 1152 808 1217 Matthaeum
828 1151 1049 1236 incompleta,
1071 1171 1175 1236 quarn
1197 1152 1324 1234 partim

372 1254 462 1318 idem
484 1251 601 1331 irater,
624 1253 749 1337 partim
772 1251 949 1317 saecularis
971 1252 1110 1335 quidam
1133 1252 1324 1336 recollegit,

373 1354 449 1438 ejus
465 1354 579 1419 studio
595 1346 808 1418 delectatus.²

211 1479 361 1523 somnne.
424 1454 538 1520 Tanto
564 1464 678 1519 autem
703 1454 871 1519 doctriuae
886 1453 1011 1538 jubare
1037 1453 1201 1516 mundum
1223 1453 1324 1517 orba·

374 1563 448 1619 tum
474 1563 643 1637 quantum
673 1555 880 1619 universitas
909 1552 1115 1617 Parisiensis
1140 1553 1325 1636 planxerit,

375 1654 598 1719 manifestant
615 1654 769 1739 ejusdem
793 1655 920 1719 litterae
949 1654 993 1717 ad
1021 1653 1165 1718 fratrum
1191 1653 1325 1718 Praedi-

375 1763 531 1820 catorum
568 1755 757 1839 capitulum
794 1755 966 1838 generale,
998 1762 1034 1818 et
1065 1753 1108 1818 ad
1137 1754 1326 1819 monachos

375 1857 467 1920 iuter
499 1875 587 1939 quos
616 1854 773 1938 sepultus
802 1863 868 1934 est,
899 1856 1052 1932 directae,
1083 1856 1208 1938 quibus
1246 1874 1328 1920 ossa

376 1956 452 2040 ejus
478 1965 518 2020 ut
542 1957 633 2020 inter
659 1955 818 2021 doctores
840 1956 1064 2021 humarentur
1090 1954 1247 2033 Parisiis,
1273 1957 1326 2019 in·

375 2056 526 2121 stantius
552 2057 754 2140 postulavit.
814 2056 1000 2121 Sanctitati
1035 2075 1117 2121 vero
1146 2056 1256 2138 ipsius
1285 2076 1328 2120 ac

377 2158 459 2221 vitae
482 2157 614 2221 meritis
634 2164 845 2222 attestantur
861 2157 1037 2237 miracula,
1061 2176 1140 2241 quae
1156 2163 1236 2240 post
1251 2157 1328 2241 ejus

377 2259 572 2333 transitum,
602 2263 638 2322 et
670 2258 706 2320 in
730 2259 804 2323 vita
824 2259 944 2341 ipsine,
975 2278 1037 2341 per
1068 2277 1146 2321 eum
1178 2257 1327 2340 plurima

377 2358 610 2440 contigerunt.
677 2356 792 2423 Nocte
827 2378 909 2423 vero
944 2359 1032 2441 ipsa,
1069 2376 1140 2442 qua
1178 2357 1221 2421 de
1260 2358 1326 2423 hoc

377 2458 504 2523 mundo
522 2459 671 2536 transiit,
691 2459 853 2542 apparuit
871 2460 906 2522 in
925 2460 1054 2523 somnis
1079 2476 1243 2541 germano
1262 2479 1327 2524 sno

377 2558 495 2623 comiti
514 2559 558 2623 de
579 2557 721 2642 Aquino
744 2560 779 2623 in
803 2559 924 2624 habitu
946 2558 1075 2624 ordinis
1096 2560 1163 2636 sui,
1186 2558 1327 2623 tradens

377 2659 486 2723 eidem
511 2660 547 2723 in
569 2677 672 2723 manu
691 2658 841 2724 litteram
861 2660 1045 2743 quamdam
1067 2659 1243 2738 clausam3
1267 2660 1327 2743 qui

378 2759 447 2825 cito
467 2766 549 2842 post
565 2760 751 2838 excitatus,
775 2780 853 2825 cum
876 2780 914 2824 se
935 2760 1078 2825 sentiret
1094 2760 1246 2824 litteram
1265 2760 1326 2825 ha·

378 2860 459 2924 bere
486 2861 521 2923 in
549 2862 720 2939 manibus,
750 2862 976 2926 camerarium
1006 2880 1106 2925 suum
1132 2860 1329 2938 advocavit,

374 2959 550 3044 jussitque
573 2961 639 3024 sibi
659 2961 773 3025 lumen
795 2962 950 3026 celeriter
965 2961 1162 3045 apportari;
1186 2980 1255 3044 quo
1277 2961 1329 3025 al-

379 3059 452 3124 lato
482 3060 632 3124 litteram
665 3062 835 3144 aperiens,
868 3062 1001 3126 invenit
1031 3062 1079 3125 ibi
1107 3062 1221 3126 aureis
1251 3062 1325 3144 epi-

378 3160 487 3237 cibuS,
519 3180 620 3224 omne
648 3161 834 3227 humanum
860 3162 1041 3226 artificium
1072 3181 1136 3226 sua
1170 3161 1328 3227 formosi·

378 3266 452 3323 tate
478 3261 734 3339 excedentibus,
758 3263 823 3327 hoc
844 3264 1067 3346 inscriptum:
1091 3261 1234 3326 ‘Hodie
1258 3262 1328 3327 sac·

415 3458 843 3515 '‘Collocationes’inallthethree
867 3465 950 3515 derful
975 3480 1044 3528 man,
1064 3464 1094 3514 ol'
1115 3465 1198 3515 whom
1225 3466 1246 3515 it
1270 3480 1328 3528 may

380 3533 483 3594 places;
495 3533 543 3583 Ar.
862 3536 1278 3598 justlyhesaid,thatnohuman
1289 3537 1328 3585 in·

415 3599 495 3652 'The
519 3604 605 3653 worlrs
629 3605 658 3654 ot
681 3605 719 3654 St.
733 3605 843 3655 monas
867 3606 961 3668 tellect,
981 3606 1070 3656 united
1091 3611 1117 3655 to
1140 3607 1204 3656 such
1226 3606 1329 3657 humble

379 3672 410 3721 ot
423 3673 526 3734 Aquino
542 3674 606 3724 have
625 3677 688 3724 been
707 3675 842 3737 published
867 3677 1014 3739 simplicity,
1042 3676 1089 3726 has
1117 3691 1177 3726 ever
1201 3677 1329 3740 equalled,

380 3747 407 3791 at
426 3744 504 3793 Rome
524 3745 574 3794 und
594 3746 688 3794 Venice
707 3747 735 3794 in
756 3760 843 3795 seven·
868 3747 906 3796 tar
917 3748 968 3797 less
979 3746 1126 3809 surpassed,
1137 3747 1328 3798 hiswonderiul

381 3817 438 3862 taen
449 3815 641 3876 volumesiolio,
659 3818 722 3863 15⁷0
737 3819 763 3863 et
777 3831 842 3877 seq.;
868 3832 974 3878 powers.
1010 3818 1059 3866 For
1078 3832 1094 3866 a
1115 3819 1239 3879 complete
1259 3824 1329 3868 cate·

380 3887 406 3931 to
428 3883 513 3933 vvhich
539 3885 585 3933 has
611 3886 674 3935 been
701 3885 784 3935 added
809 3902 841 3936 an
867 3887 941 3949 logne
958 3886 989 3936 oi
1004 3886 1045 3936 his
1061 3887 1155 3949 vrorlrs,
1171 3888 1234 3937 with
1252 3888 1329 3939 reien-

379 3952 523 4016 eightoenth
535 3959 562 4003 at
576 3956 708 4016 Antvverp,
719 3971 748 4006 or
758 3956 842 4006 rather
867 3971 941 4006 ences
963 3963 989 4007 to
1012 3956 1054 4008 the
1076 3958 1163 4019 places
1180 3958 1265 4008 where
1287 3959 1330 4008 the

380 4024 503 4087 Cologne,
514 4026 541 4073 in
559 4029 631 4076 lala.
667 4026 720 4076 But
730 4025 781 4076 this
791 4027 842 4075 und
866 4028 975 4090 original
994 4028 1069 4078 MSS.
1084 4044 1127 4078 are
1144 4029 1268 4091 retained,
1287 4044 1330 4079 see

379 4094 421 4143 the
433 4095 593 4144 serenteenth
607 4096 707 4146 volume
719 4111 762 4145 are
774 4097 841 4147 lilled
867 4097 908 4146 his
929 4098 973 4147 tite
995 4098 1045 4147 aud
1065 4100 1181 4162 writings
1202 4100 1237 4161 by
1259 4100 1330 4152 Que-

379 4164 441 4213 with
449 4165 843 4229 thesupposititious,orutleast
866 4168 901 4216 tit
924 4169 975 4217 aud
998 4169 1098 4218 Eehurd
1109 4185 1119 4232 ;
1148 4170 1242 4232 Script.
1267 4170 1332 4219 Ord.

378 4249 438 4296 very
450 4235 568 4285 doubtful
577 4236 663 4285 warlus
673 4236 704 4286 oi
711 4236 762 4286 this
773 4252 843 4286 won-
869 4238 947 4289 l'red.
959 4240 976 4290 i.
989 4255 1034 4302 pp.
1043 4242 1161 4289 uti-848.
