2896 4860
168 2676 298 2726 uranum

167 2730 191 2769 ot
201 2728 231 2766 st.
242 2727 304 2766 Peter

166 2779 202 2819 thr
212 2777 308 2818 Domini·

165 2839 213 2870 un.

328 377 394 443 240
685 391 758 439 ruo.
782 389 929 438 rnrvrrr

329 551 448 615 statim
465 568 542 613 cum
561 556 636 614 tota
652 548 755 614 domo
776 569 841 614 sua
859 548 1056 631 baptizatus
1075 556 1141 614 est.
1197 547 1285 612 Erat

329 652 432 715 etiam
456 650 491 713 in
520 649 620 726 libro,
646 649 737 733 quod
763 657 918 732 tempore
942 649 1163 727 Fordinandi,
1190 647 1284 730 regie

330 749 505 827 Castellae,
521 749 608 814 liber
624 749 771 815 debebat
785 748 941 814 inveniri.

361 962 513 1023 nunc}
595 966 617 1002 r.
631 965 794 1002 romanorun
807 966 832 1003 r.
930 965 1084 1001 ranncosurr
1120 965 1263 1001 suesorum

382 1053 466 1090 secu.
509 1042 669 1163 *innuerunt
682 1054 717 1090 ιν.
744 1053 869 1090 wrmrcrn
881 949 1274 1175 1.·=

614 1114 639 1158 9.
808 1114 834 1159 t.
989 1114 1031 1160 2⁶.
1177 1112 1219 1159 ⁸⁵.

379 1248 571 1313 Pasrouss
593 1250 629 1312 iu
649 1249 807 1328 Francia,
831 1250 1026 1315 coadunata
1047 1247 1283 1327 multitudine,

327 1348 489 1413 dicebaut
521 1369 558 1413 se
591 1349 749 1432 angelica
777 1350 908 1414 visione
940 1350 1100 1426 monitos,
1134 1358 1175 1412 ut
1204 1367 1285 1432 pro·

329 1449 561 1514 ficiscerentur
582 1451 617 1512 in
640 1449 783 1514 Terram
808 1449 970 1515 Sanctam
991 1457 1112 1515 contra
1138 1447 1283 1513 Sarace-

328 1569 392 1613 nos
418 1559 454 1613 et
475 1549 669 1613 incredulos
696 1551 896 1633 pugnaturi.
947 1549 1184 1615 Transeuntes
1203 1567 1285 1613 vero

330 1649 497 1726 Parisios),
524 1658 691 1714 venerunt
721 1651 919 1729 Bituricas;
951 1651 1010 1714 ubi
1042 1649 1186 1714 suborta
1214 1649 1284 1712 dis·

329 1749 447 1814 cordia
460 1769 536 1813 cum
552 1750 685 1813 civibus
701 1749 740 1815 fit
758 1750 952 1826 conflictus,
969 1758 1005 1814 et
1022 1749 1140 1812 multis
1158 1749 1282 1813 occisis

330 1849 452 1932 reliqui
470 1842 739 1931 'disperguntur
790 1849 881 1914 Abel
898 1850 1073 1914 Dacorum
1093 1868 1170 1926 rex,
1187 1842 1282 1913 'cum

333 1948 493 2013 Frisoues
533 1949 719 2033 subjugare
760 1949 938 2024 voluisset,
975 1948 1179 2014 interfectus
1219 1956 1282 2012 est.

332 2049 524 2127 conradus,
549 2056 652 2132 capta
679 2049 842 2133 Neapoli,
872 2048 947 2133 ejus
979 2067 1096 2113 muros
1126 2047 1282 2113 funditus

330 2149 516 2227 destruxit,
534 2158 570 2214 et
587 2149 744 2214 similiter
760 2148 842 2214 fecit
856 2148 899 2213 de
915 2148 1037 2232 Capua
1051 2156 1086 2213 et
1100 2147 1255 2231 Aquino.

591 2367 614 2402 r.
627 2365 788 2402 uounsonmr
802 2366 827 2402 n.
931 2364 1084 2402 ranncoaurr
1120 2364 1260 2402 sacroru!

522 2452 669 2490 rsrocsrru
680 2452 716 2490 tv.
740 2451 865 2489 armetur
876 2452 896 2489 ι.

602 2515 642 2560 10.
802 2515 827 2560 t.
991 2514 1032 2559 26.
1177 2513 1220 2569 tt.

376 2652 525 2717 Bunrus
547 2650 672 2716 Petrus
692 2649 905 2715 Veronensis
927 2669 970 2713 ex
994 2648 1113 2713 oraine
1136 2648 1282 2715 fratrum

333 2753 616 2827 Praedicatomm,
637 2750 877 2834 prosequendo
895 2749 1152 2832 inquisitionem
1171 2751 1282 2833 pravi·

331 2854 414 2917 tatis
439 2852 609 2916 haereticae
637 2850 703 2915 sibi
727 2851 772 2914 ab
802 2849 991 2933 apostolica
1023 2848 1104 2914 sede
1126 2849 1282 2914 commis·

329 2973 416 3031 sam,
440 2953 484 3016 ab
507 2953 659 3034 ipsorum
682 2950 920 3015 haereticorum
943 2949 1173 3028 credentibus,
1196 2951 1284 3015 iuter

329 3048 484 3129 ³Cumas,
505 3053 563 3115 ubi
587 3051 733 3115 fratrum
755 3069 895 3114 suorum
919 3050 1013 3132 prior
1035 3056 1123 3126 erat,
1146 3058 1183 3114 et
1203 3049 1280 3114 Me·

330 3153 506 3217 diolanum
529 3151 664 3215 occisus
686 3151 852 3234 martyrio
875 3157 1069 3214 coronatur.
1123 3149 1167 3214 In
1184 3149 1283 3235 cujus

330 3252 600 3318 canonizationis
617 3250 753 3327 litteris,
771 3269 849 3333 quae
867 3249 985 3313 eodem
1007 3268 1100 3313 anno
1121 3248 1216 3314 sacta
1230 3257 1284 3315 est

332 3352 480 3429 Pcrusii,
510 3358 659 3415 testatur
690 3370 782 3433 papa
814 3350 1036 3413 Innocentius
1068 3348 1181 3432 ipsum
1213 3349 1284 3415 sere

331 3472 439 3517 annos
462 3451 607 3534 triginta
632 3451 762 3515 vixisse
788 3451 823 3513 in
846 3449 967 3514 ordine
989 3448 1113 3514 fultum
1141 3457 1284 3515 caterva

331 3554 510 3629 virtutum,
524 3550 734 3633 virginitatis
751 3550 856 3614 stiam
879 3549 995 3613 florem
1020 3549 1193 3614 illibatum
1213 3569 1284 3615 ser·

331 3672 444 3731 rasse,
471 3652 598 3716 nullius
628 3670 739 3734 usque
766 3648 924 3714 mortalis
952 3650 1105 3714 criminis
1131 3668 1283 3734 uuquam

331 3754 480 3818 sensisse
498 3752 706 3834 contagium,
726 3770 866 3814 suorum
884 3750 1066 3832 probatum
1083 3751 1283 3816 testimonio

368 3979 374 4010 ¹
391 3973 611 4042 ‘disperduntur;‘
623 3978 661 4027 M.
674 3983 697 4026 et
710 3976 757 4027 Ar.

366 4047 376 4077 ³
391 4052 465 4100 ‘cnm
475 4050 596 4099 Pressoue
605 4049 742 4110 subjugare
751 4063 791 4096 vo·
853 4044 864 4077 ⁸
881 4047 898 4095 i.
907 4061 930 4096 e.
943 4041 1083 4109 ‘Comum’
1095 4061 1157 4110 says
1168 4042 1281 4098 n'scue·

330 4122 429 4180 luisset,
445 4135 461 4170 a
480 4119 627 4168 Frisouibus
648 4117 794 4167 interiectus
819 4118 882 4166 rius.
918 4115 1007 4168 como.

329 4197 368 4240 eet
379 4186 393 4252 3'
407 4191 443 4240 M.
452 4194 477 4240 et
485 4190 532 4239 Ar.
