2896 4860
568 412 750 461 aurnuns.
1065 396 1131 461 195

177 574 220 640 de
234 594 404 641 consensu
428 576 584 658 capituli,
600 577 701 641 beato
717 576 899 639 Dominico
915 584 950 640 et
967 578 1051 654 suis,
1070 579 1129 660 qui

172 675 247 761 jam
282 676 435 740 moribus
463 676 700 759 religiosorum
733 696 771 740 ee
798 686 975 759 coeperant
997 676 1129 743 consor-

178 795 286 853 mare,
303 776 410 854 dedit,
428 777 472 841 ad
493 777 598 842 libros
613 785 648 842 et
663 776 732 842 alia
747 778 941 841 necessaria
954 798 962 841 :
987 796 1130 860 sperans

178 896 217 941 ee
237 877 283 942 de
301 878 352 942 eie
372 877 568 943 habiturum
590 878 707 942 fideles
730 877 809 941 fidei
835 878 969 960 pugiles
992 878 1035 940 ad
1059 878 1129 940 hae·

179 996 274 1043 reses
300 978 535 1061 extirpandas.
594 977 680 1044 Cum
714 977 779 1042 hoc
813 979 976 1061 episcopo
1006 980 1130 1042 beatus
1143 986 1297 1079 ffitffiss

180 1077 387 1143 Dominicns
407 1078 590 1143 concilium
608 1079 694 1143 adiit
712 1077 956 1156 Lateranense,
975 1086 1014 1142 ut
1033 1071 1131 1143 ¹con·
1277 1065 1282 1076 '

180 1177 407 1244 firmationem
431 1179 561 1243 ordinis
583 1198 605 1243 a
626 1197 760 1243 summo
784 1178 946 1262 pontifice
969 1179 1132 1262 impetra-

179 1287 245 1356 ret,
265 1279 327 1363 qui
353 1278 623 1344 Praedicatorum
650 1279 820 1344 diceretur
848 1286 883 1344 et
910 1286 1013 1342 esset.
1065 1278 1133 1343 Sed

180 1398 259 1445 eum
282 1398 375 1464 papa
394 1398 499 1463 super
520 1379 586 1444 hae
608 1380 774 1463 petitione
803 1378 960 1444 redderet
987 1398 1025 1443 se
1049 1377 1134 1442 diffi-

181 1480 295 1557 cilem,
329 1480 440 1546 visum
472 1489 527 1545 est
558 1481 589 1544 ei
621 1487 722 1545 nocte
748 1480 909 1562 quadarn,
937 1479 1030 1562 quod
1057 1498 1134 1544 cunr

183 1578 430 1645 lateranensis
451 1579 598 1645 ecelesia
620 1581 809 1644 minaretur
838 1581 986 1658 ruinam,
1014 1581 1135 1644 beatus

184 1679 388 1745 Dominicus
415 1680 594 1745 cadentem
622 1679 773 1745 humeris
803 1681 1024 1759 sustentavit,
1053 1688 1089 1746 et
1114 1700 1136 1746 a

183 1780 287 1864 lapsu
310 1778 475 1856 cohibuit,
498 1800 575 1844 eam
605 1780 641 1843 in
671 1788 768 1845 statu
797 1780 913 1845 debito
940 1781 1135 1858 detinendo,

182 1899 254 1965 qna
278 1879 410 1945 visione
435 1880 622 1945 inclinatus
652 1888 706 1945 est
734 1880 778 1945 ad
808 1880 886 1958 boc,
913 1888 953 1945 ut
983 1881 1134 1946 ordinem

182 1980 422 2061 confirmaret3
457 1980 704 2064 mandavitque
734 1982 836 2046 beato
870 1980 1062 2061 Dominico,
1096 1989 1136 2045 ut

182 2080 227 2145 ad
252 2080 379 2145 fratres
410 2099 491 2145 euos
519 2081 666 2160 rediens,
695 2081 738 2146 de
763 2101 881 2147 eorum
909 2100 1052 2146 assensu
1083 2100 1137 2146 re·

183 2181 303 2264 gulam
318 2180 471 2264 aliquam
488 2181 630 2264 eligeret
647 2179 901 2266 approbatam.²

235 2679 492 2745 Innocnnnus
522 2698 625 2762 papa,
654 2699 731 2745 cnm
763 2681 854 2744 inter
883 2678 905 2743 J
909 2698 1078 2744 atinenses
1103 2687 1139 2745 et
1151 2697 1222 2739 narn
1231 2696 1255 2737 or

188 2780 350 2858 Pisanott,
373 2799 435 2863 pro
457 2779 684 2845 subventione
703 2780 822 2845 Terrae
844 2780 995 2859 Sanctae,
1018 2800 1138 2863 pacem
1150 2748 1276 2840 miili*

189 2881 384 2947 intenderet
398 2879 595 2957 reformare,
610 2872 664 2943 ³in
678 2880 802 2946 itinere
815 2882 1024 2946 constitutus
1039 2882 1139 2946 mori·

189 2990 247 3047 tur
263 2979 413 3058 Perusii,
435 2999 515 3045 cnm
532 2979 677 3045 sedisset
693 2983 793 3045 annis
812 2982 929 3046 decem
945 2989 981 3047 et
996 2990 1141 3066 septem,

189 3083 365 3147 mensibus
393 3089 554 3165 quatuor,
583 3081 704 3146 diebus
731 3083 855 3164 viginti
884 3082 1006 3160 tribus,
1040 3091 1076 3147 et
1105 3084 1141 3146 in

189 3180 338 3247 ecclesia
358 3180 393 3245 S.
413 3181 590 3246 Laurentii
613 3182 814 3247 tumulatur.
867 3181 938 3247 Hic
959 3184 1050 3247 inter
1074 3183 1143 3247 alia

190 3282 272 3348 lecit
295 3280 482 3364 Hospitale
505 3281 653 3365 Spiritus
676 3282 807 3360 Sancti,
830 3290 866 3347 et
882 3283 1063 3348 renovavit
1089 3301 1142 3346 eo

190 3383 333 3449 ciceiam
359 3381 396 3447 S.
411 3381 525 3462 Sixti3
560 3383 754 3466 composuit
784 3389 820 3447 ct
843 3383 1045 3461 decretales,
1070 3402 1142 3447 ser·

189 3502 322 3560 mones,
344 3481 538 3565 librumque
565 3483 608 3546 de
633 3484 760 3547 misera
781 3483 978 3548 conditione
1002 3483 1142 3547 hnmani

189 3583 340 3669 generis,
362 3591 398 3647 et
419 3583 530 3647 multa
552 3583 622 3647 alia
643 3583 806 3666 gloriosa.
858 3583 947 3648 Item
963 3583 1058 3648 dedit
1074 3584 1144 3647 sin-

190 3684 283 3768 gulis
297 3684 451 3749 ecclesiis
466 3683 502 3747 in
522 3682 636 3749 Roma
651 3703 756 3748 unam
771 3684 891 3748 libram
911 3684 1060 3767 argenti,
1083 3704 1145 3769 pro

226 3914 236 3947 ¹
253 3916 459 3967 ‘affirmationem
468 3910 484 3975 ;'
496 3916 534 3965 M.
546 3920 571 3965 et
581 3915 629 3966 dr.
682 3916 818 3977 Hnmbert,
830 3916 900 3979 apud
912 3917 1006 3969 Ouetit'
1016 3919 1066 3968 end
1079 3919 1146 3969 Ech-

224 3984 237 4019 ¹
252 3986 460 4037 Seetlte'l'ebule
471 3985 657 4049 chronologica
681 3987 737 4051 ard,
748 3987 789 4037 De
800 3987 893 4050 script.
906 3988 969 4038 ord.
981 3989 1060 4041 Pred.

192 4058 314 4109 morum
342 4056 391 4106 so.
408 4050 548 4118 mnino,
574 4057 593 4106 t.
615 4060 657 4118 et,

192 4128 255 4178 vvitlt
273 4127 317 4177 tlte
332 4132 525 4189 contemporary
540 4127 615 4176 [drea
631 4126 660 4176 oi
715 4123 727 4156 ⁸
742 4126 787 4175 ‘in
804 4127 893 4176 itinere
912 4128 1008 4179 adhoc
1025 4132 1147 4181 conutitu-

193 4198 237 4249 tltc
257 4198 340 4263 Saint,
365 4198 401 4261 by
423 4198 456 4248 B.
480 4196 579 4247 Jordan
606 4197 657 4247 and
682 4199 724 4245 tuo
734 4190 749 4257 ς’
761 4196 800 4248 Μ.

952 4300 996 4344 οἳ
