2896 4860
523 433 707 482 annaeus.
1023 422 1090 487 309

140 586 175 649 in
198 584 375 670 Apuliam,
398 589 503 654 Siculi
529 598 653 657 contra
674 592 849 677 Neapolin
869 613 946 658 cum
963 594 1087 677 viginti

138 695 271 769 septem
291 689 399 770 galeis
417 699 586 755 venerunt
602 694 767 770 armatis;
792 687 975 758 ¹adversus
998 713 1085 777 ques

139 785 285 850 Carolus
337 789 430 852 filius
481 793 571 872 regis
620 791 747 867 Caroli,
796 801 879 857 tune
925 794 1085 877 princeps

141 885 296 964 Achaiae,
326 908 486 970 egressus
519 911 595 955 eum
629 912 756 973 magna
789 893 967 974 galearum
999 895 1085 958 mul·

139 987 285 1051 titudine
313 991 356 1053 ad
381 991 615 1072 pugnandum,
642 994 877 1056 obtinentibus
902 994 1082 1058 victoriam

138 1087 305 1165 hostibus,
322 1097 445 1173 captus
468 1100 522 1156 est
541 1112 617 1155 cum
641 1092 759 1156 multis
781 1092 869 1169 aliis,
891 1093 985 1157 etad
1002 1093 1083 1158 civi·

137 1195 243 1252 tatem
265 1189 465 1254 Messanam
491 1191 658 1256 deductus
682 1193 852 1275 captivus.
906 1192 986 1257 Rex
1007 1191 1081 1257 Au·
1094 1210 1211 1252 sentent

137 1288 217 1369 gliee
245 1290 336 1371 apud
363 1290 499 1355 Actene
528 1292 658 1355 Burnel
686 1299 766 1374 post
793 1291 917 1356 festum
949 1292 985 1358 S.
1012 1261 1182 1356 Miiffi.

136 1387 265 1453 chaelis
305 1389 570 1472 parliamentum
610 1393 732 1469 tenuit,
772 1393 831 1455 ubi
870 1391 1000 1456 editum
1028 1400 1083 1457 est

135 1495 303 1552 statutum
331 1490 609 1571 cognominatum
635 1511 657 1554 a
682 1492 771 1555 lece.
831 1491 962 1556 Eodem
990 1512 1081 1558 anno

135 1607 216 1651 ossa
241 1590 335 1653 beati
358 1590 537 1666 willelmi,
561 1591 789 1663 Eboracensis
821 1591 1082 1676 archiepiscopi,

134 1688 169 1750 in
210 1688 368 1752 altiorem
409 1690 521 1754 locum
561 1710 638 1754 cum
675 1691 892 1756 solemnitate
929 1693 1082 1756 maxima

134 1788 399 1853 transferuntur.
446 1789 619 1855 Antonius
631 1790 672 1855 de
686 1790 815 1868 Beeko,
830 1791 992 1856 defuncte
1007 1792 1080 1857 Ro·
1093 1810 1216 1900 ”mlh
1257 1790 1260 1799 '

134 1887 232 1952 berte
261 1888 304 1952 de
330 1888 464 1966 Insula,
495 1891 720 1954 Dunelmensi
747 1891 923 1974 episcope,
946 1893 980 1956 in
1004 1861 1244 1957 suc-liuilni

134 2007 306 2052 cessorem
327 1988 403 2073 ejus
430 1990 573 2067 electuS,
599 1991 643 2053 ab
667 1991 877 2055 Eberecensi
912 1992 1081 2077 archiepi-

134 2107 240 2171 scope
257 2099 489 2155 consecratur.

156 2303 180 2339 D.
194 2304 219 2340 N.
231 2304 251 2339 J.
262 2304 284 2340 0.
378 2307 400 2342 Ρ.
415 2307 577 2342 ΒΟΜΛΝΟΒΠΜ
591 2307 615 2342 Β.
718 2305 870 2343 rutnoonum
918 2308 1057 2344 anemeel!

141 2392 295 2429 ucenxxxw.
335 2394 491 2430 unemuiiv.
555 2394 663 2431 annuum
718 2395 826 2432 PfflLlPPl
840 2396 879 2431 111.
918 2394 1062 2432 unwanum.

397 2455 423 2500 l.
592 2454 630 2502 le.
779 2455 817 2500 ll.

185 2580 294 2646 Auen
312 2590 463 2647 castrum
480 2582 523 2648 de
541 2582 764 2659 Karuarvan,
783 2583 874 2666 quod
893 2602 1002 2665 nuper
1019 2602 1081 2646 rex
1094 2607 1188 2647 annor

134 2680 274 2764 Angliae
294 2682 517 2747 fortissimum
538 2683 678 2761 lecerat,
701 2690 872 2746 natusest
890 2682 961 2765 regi
978 2683 1080 2759 filius,
1093 2657 1234 2748 efflii'ffi.

134 2801 179 2846 ex
206 2783 342 2846 nemine
368 2783 477 2866 patris
505 2791 647 2848 vocatus
670 2783 874 2848 Edwardus.
923 2782 1016 2858 Rex,
1039 2781 1082 2846 de

134 2880 345 2947 Suowdonia
376 2904 438 2966 per
468 2883 633 2949 Walliam
667 2881 912 2946 occidentalem
942 2901 1082 2964 pregre-

134 2981 243 3059 diens,
274 2983 418 3047 intravit
446 2981 758 3065 Glomergautiam,
787 3001 864 3064 quae
889 2981 933 3044 ad
956 2974 1081 3045 ²d0mi-

135 3083 311 3146 nationem
333 3082 467 3147 comitis
488 3082 687 3147 Gleverniee
713 3083 866 3145 nescitur
889 3080 1081 3163 pertinere3

136 3191 362 3265 receptusque
388 3202 409 3246 a
437 3184 562 3247 comite
590 3203 666 3246 cum
694 3182 823 3246 honere
849 3181 1012 3258 maxime,
1036 3182 1081 3245 ab

135 3282 252 3346 eodem
274 3283 422 3365 propriis
438 3283 601 3366 impensis
622 3302 729 3365 usque
750 3281 794 3345 ad
817 3288 984 3345 terrerum
1004 3299 1082 3345 sua-

135 3401 210 3444 rum
242 3383 406 3446 termines
439 3391 491 3447 est
523 3382 701 3447 deductus.
753 3380 845 3455 Rex,
880 3380 1083 3445 Bristollum

134 3482 289 3558 veniens,
324 3482 448 3546 ibidem
488 3481 612 3545 festum
650 3481 856 3546 Natiuitatis
890 3480 1082 3544 Dominieae

135 3583 246 3646 tenuit
262 3602 303 3647 ee
318 3601 420 3648 aune.

187 3680 381 3764 Philippus
416 3681 509 3744 filius
544 3680 636 3761 regis
672 3679 825 3761 Philippi
856 3679 1082 3755 Francorum,

135 3800 278 3844 uxorem
308 3780 408 3846 duxit
433 3780 621 3857 Jeannam,
645 3779 748 3842 filiam
777 3779 870 3860 regis
899 3778 1082 3855 Navarree,

135 3880 397 3963 privignamque
420 3880 615 3945 Eadmuudi
637 3878 791 3961 germani
819 3879 910 3960 regis
934 3876 1083 3959 Angliee,

134 3980 306 4061 accipiens
336 4000 414 4043 cum
446 3981 564 4045 eadem
600 3998 743 4061 regnum
777 3978 1019 4042 Navarrerum
1049 3984 1085 4040 et

170 4211 176 4242 ¹
196 4214 331 4262 ‘adversus
341 4207 355 4274 ;’
372 4213 453 4263 MSS.
605 4209 610 4279 Ι
660 4208 670 4241 ¹
688 4211 826 4260 ‘ditionem
835 4205 849 4272 ;’
862 4210 909 4261 Ar.
920 4214 946 4259 et
956 4207 1004 4260 Ar.
1015 4213 1075 4261 22⁰.
