2896 4860
264 387 330 452 118
620 404 694 452 mc.
717 403 865 452 rnrvsrr

265 582 371 646 scopo
402 562 626 627 Dunelmensi
657 562 809 648 ejusdem
840 563 962 647 patriae
984 561 1138 626 vendidit
1161 580 1220 626 co-

267 663 437 727 mitatum.
491 663 606 727 Multa
623 664 727 728 etiam
746 664 815 729 alia
832 663 996 740 vendidit,
1014 662 1218 726 multorum-

268 782 335 845 que
356 771 579 828 coacervatas
601 764 765 847 pecunias
788 763 853 828 sibi
875 765 911 828 in
933 763 1053 828 Terrae
1080 761 1219 827 Sanctae

269 863 458 927 subsidium
483 857 695 947 adquisivit.¹
749 862 805 928 Ad
831 865 923 946 regis
946 865 1050 929 etiam
1076 861 1221 927 Ricardi

269 964 462 1046 imperinm,
479 964 523 1028 ad
541 965 762 1048 episcopatus
774 962 936 1050 (quorum
954 962 1108 1029 nonnulli
1124 962 1221 1047 prins

270 1071 433 1129 vacantes
455 1065 661 1130 tenebantur
681 1066 717 1129 in
740 1084 844 1130 manu
867 1061 995 1148 patris)
1010 1063 1111 1129 electi
1127 1068 1224 1139 sunt,

270 1172 306 1229 et
322 1165 532 1229 assentiente
555 1183 636 1248 rege
659 1164 881 1230 inthronizati
906 1164 1059 1249 episcopi
1087 1170 1158 1228 tam
1184 1162 1223 1227 in

272 1264 401 1346 Anglia
418 1284 521 1348 quam
538 1265 572 1329 in
591 1265 668 1330 aliis
681 1259 812 1331 'terris
865 1264 964 1330 Inter
979 1283 1066 1348 qnos
1083 1262 1224 1328 suerunt

272 1365 454 1430 Hubertus
470 1365 617 1430 Walteri
632 1364 904 1444 Sarisberiensis,
921 1373 956 1430 et
966 1363 1165 1430 willelmus
1180 1361 1226 1426 de

275 1465 532 1548 Longocampo
556 1460 729 1544 Eliensis,³
751 1485 853 1549 quem
877 1486 940 1530 rex
967 1483 1066 1529 snum
1089 1462 1224 1528 cancel-

274 1565 398 1628 larium
413 1573 449 1630 et
462 1566 569 1630 totins
581 1565 809 1649 justitiarium
826 1566 921 1647 regni
934 1565 1027 1630 fecit.
1051 1562 1225 1628 Ricardns

276 1664 423 1728 Eliensis
452 1666 565 1730 factus
597 1674 651 1731 est
684 1665 934 1730 Londoniensis
963 1664 1158 1749 episcopus,
1189 1669 1226 1727 et

276 1758 498 1830 ⁴Godefridus
516 1765 558 1830 de
577 1765 661 1830 Luci
679 1766 941 1832 wintoniensis.

328 1864 533 1948 Praeparata
554 1866 672 1948 itaque
694 1866 805 1930 classe
823 1872 962 1931 centum
984 1873 1062 1931 octo
1084 1864 1226 1928 navium

278 1972 313 2029 et
353 1965 513 2048 amplius,
553 1966 658 2030 armis
693 1974 729 2031 et
761 1966 969 2031 victualibus
1011 1971 1228 2041 onustarum,

277 2065 467 2148 ceterisque
484 2065 527 2129 ad
545 2065 611 2130 iter
626 2067 891 2131 transmarinum
913 2065 1126 2141 necessariis,
1148 2083 1228 2146 reg·

279 2184 393 2247 noque
408 2164 549 2249 Anglioe
572 2175 676 2249 prout
697 2167 862 2249 angustia
888 2167 1053 2250 temporis
1074 2163 1230 2249 permisit

279 2264 457 2349 disposito,
497 2267 635 2332 transiit
672 2267 708 2330 in
751 2265 1014 2346 Normanniam,
1058 2274 1094 2331 et
1133 2262 1227 2347 apud

280 2365 471 2431 Lexovium
503 2367 575 2448 egit
605 2366 730 2432 festum
769 2365 975 2432 Natiuitatis
1010 2364 1228 2432 Dominicae:

278 2465 420 2550 votique
457 2467 674 2550 persolvendi
706 2466 874 2532 sollicitus
908 2466 983 2550 regi
1019 2466 1230 2532 Francorum

279 2566 430 2649 scripsit,
458 2585 497 2631 se
526 2566 571 2631 ad
598 2566 665 2632 iter
689 2565 808 2632 Terra
842 2566 980 2632 Sanctae
1009 2564 1230 2650 expeditum

280 2665 469 2731 exhortans
499 2674 539 2731 ut
567 2675 603 2732 et
636 2667 710 2750 ipse
743 2667 923 2732 festinaret
955 2666 1151 2751 procedere,
1182 2684 1228 2730 ex

280 2767 389 2848 patris
410 2767 685 2849 argumentando
707 2768 879 2851 exemplo,
901 2767 993 2850 qnod
1013 2786 1150 2850 semper
1173 2784 1233 2830 no

281 2867 352 2931 cuit
369 2866 504 2931 differre
521 2866 665 2950 paratis.
701 2865 992 2952 Archiepiscopus
1008 2865 1233 2932 Treverensis

282 2966 316 3029 in
343 2965 473 3048 Anglia
495 2967 644 3031 moriens
675 2969 832 3051 sepultus
863 2976 917 3033 est
944 2967 1234 3051 Northamptonae

282 3066 372 3149 apud
391 3065 427 3130 S.
443 3065 629 3131 Andream.

321 3273 329 3305 ¹
348 3275 460 3326 Richard
482 3276 512 3326 of
528 3277 637 3327 Derises
653 3277 749 3339 writes,
807 3277 819 3310 ²
833 3281 925 3331 ‘terris
936 3282 990 3331 suis
998 3275 1014 3344 ς’
1025 3281 1064 3332 M.

286 3345 341 3395 that
353 3345 395 3394 the
413 3346 476 3409 king
492 3347 559 3410 said,
578 3347 621 3396 ‘Si
640 3348 748 3397 invenis·
937 3352 942 3361 “

285 3431 337 3465 sem
349 3420 495 3479 emptorem,
504 3417 675 3466 vendidissem
684 3418 749 3467 Lon·
806 3414 819 3448 ⁸
836 3417 1021 3481 [ongummps.
1044 3416 1134 3469 ‘Alter
1141 3416 1235 3480 Jacob,

286 3486 382 3535 diniam
390 3481 405 3547 ς’
417 3487 674 3550 which,hequaintiy
680 3503 750 3551 says,
773 3488 833 3537 licet
843 3502 892 3537 non
906 3489 1029 3540 lactasset
1043 3488 1160 3554 angelo3'
1177 3488 1236 3539 nic.

287 3556 332 3605 did
344 3561 386 3605 not
401 3562 444 3618 get
454 3557 523 3606 wind
539 3563 566 3606 at
579 3558 621 3607 the
638 3558 707 3621 time,
722 3573 751 3607 or
775 3557 887 3608 Dian.
901 3562 942 3610 18.

285 3626 328 3676 the
340 3628 451 3689 cunning
461 3627 589 3677 merchant
595 3627 675 3690 might
686 3628 750 3678 have

285 3696 360 3745 acted
370 3711 403 3745 on
414 3697 507 3747 theold
519 3697 626 3760 English
635 3699 751 3760 proverb,
809 3696 820 3728 ⁴
836 3693 1024 3749 ‘Gadeiridns’
1036 3698 1059 3747 is
1067 3696 1131 3747 from
1140 3696 1237 3748 nand

289 3766 401 3815 ‘Emere
423 3782 469 3829 pro
491 3768 635 3830 duodecim,
657 3774 683 3817 et
705 3783 750 3830 pro
775 3767 832 3830 Aa,
843 3768 894 3818 and
902 3768 1012 3830 adopted
1022 3769 1057 3831 by
1068 3768 1142 3818 Hali.
1176 3769 1236 3819 ΟΜ.

289 3851 340 3886 uno
351 3844 377 3886 et
387 3838 463 3887 semis
475 3839 582 3888 vendere
592 3834 608 3899 ς’
624 3839 680 3888 itio.
688 3838 749 3888 Div.
777 3838 840 3900 Reg.
852 3839 902 3888 end
914 3833 981 3888 D’A.
993 3840 1057 3889 have
1067 3833 1240 3899 ‘Gslsridus3’

290 3923 317 3967 p,
331 3911 368 3957 1⁰.
382 3912 422 3958 80.
775 3908 850 3972 inira,
861 3908 894 3958 sd
906 3924 947 3960 an.
960 3913 1032 3959 12⁰⁴.
