2896 4860
321 369 388 434 266
675 384 745 430 uro.
763 381 911 428 'curvom

322 541 372 604 ito
401 538 507 603 fluvio
532 538 639 622 juxta
669 537 832 620 oppidum
864 538 956 621 qnod
986 538 1112 604 dicitur
1143 533 1274 616 'Clive‚

324 639 415 702 viam
441 638 557 703 comiti
580 656 701 701 versus
722 637 842 715 filium,
861 638 920 721 qui
939 647 1015 703 erat
1036 640 1072 702 in
1094 649 1209 704 castro
1231 640 1274 703 de

325 738 574 815 Kenilvvorthe,
591 730 737 820 ²filiique
755 737 799 801 ad
820 745 966 819 patrem,
988 758 1066 802 cum
1089 758 1153 802 suo
1175 758 1272 803 exer-

323 839 394 903 citu
420 838 623 902 interclusit.
670 836 713 899 In
736 837 888 901 crastino
911 856 992 902 vero
1018 839 1274 921 appropinqua-

325 939 375 1001 vit
390 937 516 1020 oppido
534 936 750 1001 Eveshamiee
766 956 810 1000 ex
825 943 1021 1019 partuum,
1036 946 1274 1021 veneruntque

325 1057 368 1101 ex
397 1036 530 1100 duabus
556 1036 713 1119 partibus
739 1034 818 1099 aliis
839 1056 952 1100 comes
976 1036 1176 1102 Gloverniae
1195 1057 1274 1102 cum

325 1138 399 1201 acie
426 1155 502 1213 sua,
523 1144 558 1199 et
585 1134 745 1216 Rogerus
769 1135 812 1199 de
836 1135 1083 1201 Mortuo-mari
1111 1157 1189 1201 com
1211 1156 1277 1201 sua

326 1243 450 1312 turma,
478 1236 528 1299 ita
560 1241 599 1299 ut
629 1253 744 1299 comes
780 1234 977 1300 Leicestriae
1009 1234 1161 1319 undique
1195 1255 1276 1300 eon·

326 1334 443 1399 clusus
462 1353 602 1399 necesse
621 1333 779 1399 habuerit
803 1335 857 1397 vel
874 1354 911 1399 se
931 1342 1121 1417 spontanee
1140 1335 1276 1413 dedere,

225 1469 261 1498 ,ο
327 1435 381 1499 vel
410 1455 488 1499 cum
517 1435 594 1498 istis
624 1433 744 1516 praelio
774 1433 958 1498 decertare.
1016 1428 1138 1500 ³Feria
1167 1435 1276 1517 igitur

166 1520 223 1601 αἶ’
275 1537 280 1556 ’
327 1543 441 1611 sexta,
476 1553 555 1616 quae
589 1534 687 1597 nonis
718 1533 872 1614 Augusti
902 1535 1060 1616 contigit,
1091 1542 1277 1599 occurrunt

260 1619 278 1698 ’ἱ
328 1633 394 1697 sibi
421 1634 523 1697 ambo
556 1633 730 1696 exercitus
761 1633 797 1695 in
827 1651 949 1716 campo
980 1642 1081 1698 extra
1112 1634 1277 1717 oppidum

328 1733 495 1815 spatioso,
522 1732 580 1795 ubi
603 1732 807 1814 gravissimo
833 1740 992 1797 conserto
1023 1732 1143 1817 praelio
1170 1735 1278 1817 coepit

328 1851 410 1914 pars
439 1832 575 1896 comitis
604 1832 833 1908 succumbere,
864 1833 937 1914 qui,
959 1841 1151 1913 aggravato
1175 1852 1281 1916 snper

329 1950 405 1995 eum
435 1931 585 2014 pondere
609 1930 730 2013 praelii,
758 1932 884 1995 ibidem
914 1932 1038 1996 cecidit
1066 1933 1280 1997 interfectus.

330 2030 537 2095 Ceciderunt
564 2030 665 2095 inea
689 2049 808 2113 pugna
832 2030 959 2095 milites
984 2031 1166 2096 vexilliferi
1193 2032 1280 2096 duo·

330 2131 451 2207 decim,
475 2130 637 2196 videlicet
662 2129 837 2194 Henricus
865 2130 957 2194 filins
981 2131 1069 2215 ejus,
1092 2130 1218 2195 Petrus
1236 2132 1280 2196 de

331 2229 561 2307 Monteforti,
594 2229 702 2312 Hngo
734 2229 778 2294 de
810 2229 1044 2313 Dispensariis
1067 2231 1279 2314 justitiarius

330 2329 481 2412 Angliae,
505 2329 700 2394 Willelmus
723 2331 766 2394 de
793 2329 1043 2407 Maundevilla,
1071 2329 1281 2413 Radulphus

330 2418 492 2506 Basseth,
518 2428 697 2494 Walterus
722 2430 766 2495 de
794 2428 989 2512 Crepynge,
1013 2429 1208 2494 Willelmus
1236 2429 1279 2494 de

330 2528 500 2605 Eboraco,
540 2528 715 2593 Robertus
752 2529 794 2593 de
827 2523 1016 2611 4Τπεεςςοκ,
1053 2528 1207 2593 Thomas
1239 2529 1281 2593 de

331 2628 491 2706 Hostele,
523 2627 678 2691 Joannes
714 2629 756 2691 de
788 2622 1054 2711 ⁵Bellocampo,
1086 2627 1203 2693 Guido
1236 2629 1280 2693 de

331 2727 494 2805 Balliolo,
517 2725 678 2809 Rogerus
704 2726 747 2790 de
774 2725 928 2807 Roules;
963 2728 1023 2791 alii
1051 2748 1187 2811 quoque
1215 2730 1280 2793 mi·

332 2829 425 2891 noris
452 2826 581 2909 gradus
605 2828 641 2890 in
667 2826 887 2891 multitudine
914 2845 1051 2908 magna,
1073 2847 1151 2891 cum
1174 2829 1280 2892 scuti-

331 2927 479 2991 ferorum
521 2934 557 2990 et
592 2925 759 3009 peditum,
796 2933 832 2989 et
866 2927 1017 2990 maxime
1053 2925 1281 3003 Gallensium,

331 3046 473 3091 numero
505 3025 696 3089 excessivo.
748 3024 949 3102 Edwardus‚
972 3026 1103 3109 potitus
1123 3027 1282 3104 victoria,

333 3125 509 3189 monachis
534 3123 626 3188 illins
648 3124 716 3188 loci
741 3134 821 3207 post
846 3123 1001 3207 praelium
1028 3125 1217 3203 mandavit,
1243 3136 1283 3189 ut

333 3243 479 3307 corpora
501 3223 753 3302 defunctorum,
776 3233 813 3289 et
828 3225 1001 3308 praecipue
1020 3227 1202 3309 maj0rum‚
1226 3226 1282 3290 de

333 3333 449 3389 center
475 3324 608 3388 humari
634 3331 805 3388 curarent.
858 3323 1022 3389 Interfuit
1049 3333 1165 3389 autem
1186 3320 1281 3408 “per-

331 3425 497 3489 sonaliter
519 3424 675 3507 exequiis
699 3423 845 3488 Henrici
866 3423 908 3488 de
931 3424 1161 3503 Monte-forti,
1180 3445 1280 3508 quem

332 3532 432 3606 pater
453 3525 529 3608 ejus
552 3543 612 3588 rex
636 3524 679 3588 de
701 3522 796 3588 fonte
818 3542 917 3588 sacro
943 3525 1133 3603 levaverat,
1154 3527 1282 3608 etipse

332 3643 446 3688 secum
470 3625 638 3687 nutritum
665 3642 687 3687 a
716 3642 823 3706 puero
843 3622 1059 3689 familiariter
1085 3624 1280 3705 dilexerat3

332 3724 432 3807 cujus
447 3724 551 3788 etiam
569 3723 681 3787 funeri
699 3723 825 3787 dicitur
841 3723 1013 3807 lacrymas
1031 3723 1251 3806 impendisse.

367 3947 374 3976 ¹
392 3950 486 3999 ‘Olire
495 3944 511 4008 ς’
522 3951 562 3999 Μ.
853 3948 863 3977 ⁸
879 3946 1096 4012 ‘Campo-bellos
1108 3946 1176 4002 Μ.

366 4016 376 4048 ¹
392 4019 518 4080 ‘filiisque
528 4015 541 4079 ;'
554 4020 593 4067 M.

366 4086 376 4116 ³
391 4089 485 4137 ‘Feria
496 4103 555 4137 vero
566 4091 640 4139 tertis
652 4085 666 4151 ;'
679 4091 717 4138 M.
809 4121 811 4124 ⁴
855 4087 865 4118 ¹
880 4090 942 4138 This
954 4091 1024 4140 word
1036 4092 1058 4139 is
1069 4089 1132 4140 stom
1145 4091 1206 4141 Aa:
1224 4093 1284 4141 Cod.

366 4156 375 4187 ⁴
392 4159 503 4219 ‘Tregor
513 4154 528 4217 3’
541 4155 608 4209 o'l.
822 4154 945 4222 aegrius
956 4163 963 4188 ⁴
974 4157 1163 4223 principaliter?
