2896 4860
502 433 685 483 sannaus.
1007 418 1074 483 357

121 587 371 669 Warenna,1n
399 591 578 675 provincia
604 592 751 657 Eboraci
776 593 976 657 coadunans
1008 613 1070 658 ax·
1055 606 1199 699 -ἒξιψὲιαι

121 691 278 769 ercitum,
296 698 454 774 nepotem
475 711 575 756 snum
595 692 784 757 Henricum
800 692 844 758 do
862 693 973 777 Percy
990 714 1068 758 cum
1080 709 1170 798 2⁸¹¹}2,
1134 709 1188 750 ¹11·

122 790 245 855 militia
259 792 444 856 comitatus
466 791 617 858 Carleoli
641 792 837 876 proemisit
827 813 863 858 m
890 793 1066 859 Scotiam·
1058 844 1066 876 ‚
1080 769 1170 899 ἐν
1112 810 1217 909 &3¹12
1196 820 1231 860 nr

122 891 181 974 qni
207 911 317 974 usquo
344 891 388 955 ad
415 892 532 957 villam
558 893 600 957 de
626 892 697 958 Ara
729 893 915 979 profectus,
940 894 1099 959 Galwi-
1055 910 1216 1001 mptum

122 991 256 1056 dienses
287 992 331 1056 ad
365 1011 482 1076 pacem
518 995 609 1077 regis
640 994 822 1059 admittere
852 995 1068 1077 disponebat.
1081 1011 1163 1061 um

121 1088 253 1156 Audito
287 1101 402 1157 antem
435 1094 528 1177 quod
566 1093 747 1160 Scotorum
787 1095 961 1160 exercitus
994 1104 1069 1161 orat

117 1192 225 1277 juxta
252 1192 392 1271 lrwine,
423 1193 516 1277 quod
543 1194 623 1259 inde
650 1195 694 1259 ad
729 1202 880 1277 quatuor
908 1195 1069 1261 milliaria

122 1293 286 1369 distabat,
316 1293 399 1358 illuc
433 1294 608 1377 protectus
645 1294 731 1360 vidit
763 1294 855 1359 ultra
886 1296 1068 1379 quemdam

121 1393 234 1458 lacum
259 1394 441 1459 Scotorum
458 1396 647 1460 exercitum
668 1395 901 1460 considentem
917 1415 926 1476 3
949 1397 1069 1478 inquo

122 1494 293 1577 capitanei
314 1503 414 1559 erant
439 1495 620 1577 episcopus
647 1495 882 1572 Glascuensis,
909 1495 1069 1560 Andreas

121 1595 163 1658 de
197 1595 356 1659 Moravia
387 1595 597 1660 senescallus
631 1595 770 1672 Scotiae,
807 1603 843 1660 et
873 1594 1069 1660 Willelmus

122 1694 308 1760 Walensis.
362 1695 465 1760 Miles
495 1704 611 1761 autem
635 1695 773 1780 quidam
805 1704 977 1775 strenuus,
1006 1716 1069 1760 no-

121 1795 213 1859 mine
238 1796 410 1861 Ricardus
430 1796 473 1860 de
499 1795 621 1873 Lundi,
646 1797 706 1879 qui
731 1796 804 1879 regi
823 1796 959 1879 Angliae
981 1816 1068 1860 nnn-

121 1915 225 1979 quam
251 1896 448 1978 homagium
479 1895 619 1975 fecerat,
651 1897 778 1962 relictis
810 1895 923 1961 Scotis
955 1897 1068 1962 sactus

122 1995 315 2079 transfuga,
346 2016 383 2060 se
414 1997 532 2060 statim
561 1995 721 2078 Anglicis
751 1997 907 2061 sociavit.
971 1997 1064 2062 Reli·
1079 2009 1173 2101 Thessa
1149 2012 1194 2050 ωε·

122 2097 193 2179 qui,
219 2115 337 2179 pacem
369 2103 537 2179 petentes,
562 2089 780 2161 ¹dediderunt
809 2116 859 2174 se,
882 2096 989 2161 salvis
1017 2072 1090 2161 eis
1132 2069 1229 2110 ‘m

122 2198 195 2261 vita
217 2205 251 2261 et
272 2197 445 2274 membris,
471 2196 606 2260 catallis
629 2203 664 2260 et
686 2196 800 2273 terris,
821 2197 871 2260 ita
892 2204 930 2261 ut
954 2198 1068 2261 omnia

121 2316 230 2380 usque
261 2297 296 2360 in
325 2296 416 2361 bunc
445 2296 534 2360 diem
564 2303 681 2361 essent
710 2297 912 2381 simpliciter
943 2296 1069 2362 condo·

122 2405 216 2462 nata.
293 2396 408 2475 Quam
442 2416 575 2480 pacem,
603 2397 781 2479 promissis
808 2396 996 2475 obsidibus,
1032 2404 1068 2463 et

120 2498 249 2581 scripto
274 2498 442 2576 confecto,
464 2497 603 2562 admisit
621 2496 808 2574 Hernicus,
825 2496 855 2560 si
872 2504 987 2562 tamen
1003 2496 1069 2563 hoc

121 2598 195 2679 regi
220 2598 394 2681 placeret;
425 2596 484 2680 qni
511 2618 616 2680 super
646 2597 711 2662 hoc
744 2596 934 2676 consultus,
966 2617 1009 2661 ne
1031 2592 1069 2663 'a

122 2705 238 2781 coepto
276 2697 500 2781 impediretur
538 2698 672 2775 itinere,
717 2697 838 2761 annuit
880 2698 1068 2780 postulata.

124 2798 339 2863 Adveniente
362 2798 436 2882 jam
470 2798 595 2862 comite
623 2796 839 2873 Warrennae,
866 2815 943 2861 cnm
974 2797 1069 2863 Scoti

123 2898 383 2981 tergiversando
410 2898 452 2962 de
478 2897 595 2961 disin
621 2896 710 2961 diam
735 2896 910 2961 diffament
932 2897 1068 2962 obsides

122 2999 275 3075 reddere,
297 3008 332 3063 et
359 2997 556 3062 Willelmus
579 2996 719 3083 Waleys
740 2997 877 3061 interim
903 2997 1069 3082 populum

123 3100 303 3178 adunaret,
332 3098 539 3163 arbitrantes
569 3117 606 3162 se
629 3096 770 3180 Anglici
796 3097 960 3182 proditos,
987 3097 1068 3161 dum

122 3200 246 3264 Scotos
280 3198 441 3263 invadere
474 3199 674 3281 disponunt,
705 3199 887 3281 episcopus
922 3197 1069 3263 Glascu-

122 3301 214 3364 ensis
236 3307 271 3365 et
285 3298 480 3365 Willelmus
504 3298 652 3380 Dnglas,
672 3317 715 3361 na
730 3297 934 3382 proditionis
952 3305 1068 3363 notam

123 3401 348 3477 incurrerent,
382 3418 419 3463 se
455 3399 489 3462 in
530 3398 584 3461 sni
616 3399 872 3462 excusationem
911 3399 1069 3483 protinus

122 3500 348 3576 dediderunt3
385 3498 428 3563 de
457 3499 582 3581 quibus
613 3498 796 3581 episcopus
826 3498 862 3560 in
889 3507 1004 3563 castro
1026 3497 1069 3561 do

124 3600 381 3681 Rokesburgia,
414 3598 608 3665 Willelmus
637 3617 719 3662 vero
750 3598 785 3660 in
816 3606 931 3662 castro
962 3597 1068 3662 Bere·

124 3701 212 3778 wici,
230 3700 397 3764 custodiae
415 3700 666 3782 mancipantur.

174 3800 254 3865 Rex
283 3798 466 3880 Angliae'
457 3819 492 3862 1n
527 3799 616 3862 festo
645 3797 680 3861 S.
711 3796 806 3862 Petri
839 3796 883 3861 ad
918 3794 1225 3910 vinculaspnm
1175 3821 1236 3860 mr

124 3900 311 3966 Londoniis
339 3899 600 3982 parliamentum
632 3907 762 3971 tenens,
793 3898 829 3960 in
866 3895 986 3978 primis
1017 3916 1071 3960 ar·
1083 3920 1129 3963 ron
1129 3919 1178 3960 aa.

122 4002 376 4084 chiepiscopum
406 4001 535 4082 recepit
556 4000 591 4063 in
617 3998 777 4081 gratiam,
805 3997 962 4060 omnibus
993 4016 1071 4080 quae

159 4226 166 4258 ¹
182 4226 325 4275 ‘dederunt
334 4221 352 4285 ;'
365 4222 434 4274 b’A.
541 4220 547 4292 Ι
598 4221 608 4250 ¹
623 4223 746 4285 ‘accepto
754 4217 772 4283 ς’
791 4223 839 4285 M,
850 4222 908 4286 Aa,
919 4229 943 4273 et
954 4224 1003 4276 Ar.
1017 4228 1074 4275 Μ.
