2896 4860
359 373 426 439 274
720 393 794 440 ruo.
816 390 964 438 rnivsui

363 543 594 631 'Eadwigam
615 549 786 613 ducissam
807 548 976 625 Poloniae,
993 547 1130 613 viduam
1150 548 1316 612 sanctita-

363 651 408 714 tis
433 650 608 714 mirandae.
664 649 835 714 Defuncto
861 668 953 733 papa
970 648 1160 725 Clemente,
1179 649 1318 712 vacavit

362 750 461 814 sedes
484 750 583 815 annis
607 751 728 827 tribus,
751 751 924 815 mensibus
946 750 1091 826 duobus,
1114 749 1233 812 diebus
1256 748 1317 811 de-

363 870 449 915 cem.
502 850 582 915 Hoc
615 870 707 915 anno
738 870 800 914 rex
825 849 964 932 Angliae
990 850 1026 913 in
1053 858 1179 914 octava
1204 849 1315 912 sancti

365 950 509 1015 Martini
531 951 794 1035 parliamentum
819 952 929 1014 tenuit
951 949 1042 1034 apud
1066 943 1316 1031 ²Marleberge,

363 1051 400 1113 in
431 1070 500 1134 quo
534 1052 577 1115 de
605 1070 747 1116 assensu
774 1052 938 1115 comitum
972 1057 1008 1115 et
1032 1050 1199 1114 baronum
1224 1049 1317 1113 edita

364 1159 446 1215 sunt
460 1158 606 1228 statuta,
628 1171 706 1235 quae
727 1151 769 1214 de
792 1151 1010 1232 Marleberge
1029 1159 1206 1215 vocantur.
1252 1148 1318 1214 Ni·

231 1275 267 1304 νου
298 1290 303 1301 ·
364 1252 483 1315 colans
497 1251 540 1316 de
555 1250 661 1335 Hely,
673 1251 938 1333 wigorniensis,
951 1251 1149 1333 postulatus
1163 1256 1197 1314 et
1209 1259 1318 1315 trans·

364 1351 457 1416 latus
472 1359 526 1416 est
542 1353 577 1415 in
591 1345 807 1436 ³episcopum
823 1352 1108 1416 wintoniensem.

389 1556 538 1609 Ῑ).Ν..1.0.Ι
612 1566 635 1602 l’.
648 1566 810 1602 sentuosum
824 1566 850 1601 Β.
956 1557 1110 1602 rasuooituit
1161 1565 1300 1601 anemium

540 1622 920 1632 ———

393 1654 513 1690 noonxrx.
570 1653 717 1689 vuaimerus
787 1653 890 1689 nicanor
951 1653 1120 1689 nonovrcrrx.
1152 1653 1310 1690 ssunrorru.

817 1713 857 1759 14.
1012 1714 1054 1759 ts.

204 1865 353 1956 ffiffl·
418 1851 588 1925 Saucius
608 1849 804 1915 Lodovicus
823 1852 1033 1942 Francorum
1052 1871 1125 1927 rex,
1138 1871 1206 1915 non
1225 1852 1323 1915 terri-

262 1944 267 1955 ’
342 1944 347 1954 '
369 1960 427 2017 tus
446 1952 630 2035 praeteritis
648 1952 822 2016 laboribus
840 1958 875 2015 et
892 1952 1066 2034 expensis,
1088 1972 1175 2033 quas
1193 1952 1322 2016 fecerat

368 2052 463 2117 ultra
483 2071 589 2128 mare,
612 2053 737 2116 iterato
760 2071 838 2116 cum
855 2045 954 2115 *filiis
973 2051 1057 2128 suis,
1074 2051 1238 2135 adjuncto
1255 2052 1320 2116 sibi

368 2172 450 2235 rege
466 2151 649 2228 Navarrae,
666 2160 702 2216 et
716 2151 977 2235 quamplurimis
995 2151 1215 2216 ecclesiarum
1234 2172 1323 2234 prae·

369 2253 451 2318 latis
489 2259 525 2317 et
567 2253 765 2328 baronibus,
805 2272 868 2335 pro
908 2254 1167 2335 recuperatione
1202 2252 1321 2316 Terrae

370 2353 508 2418 Sanctae
524 2351 590 2416 iter
603 2353 800 2434 assumpsit.
853 2352 984 2416 Verum
1008 2353 1050 2415 ad
1076 2352 1141 2416 hoc
1158 2361 1197 2416 ut
1212 2352 1322 2417 Terra

370 2453 501 2517 Sancta
531 2452 668 2517 facilius
690 2461 960 2535 recuperaretur,
987 2453 1108 2517 incidit
1135 2453 1220 2535 ipsis
1242 2472 1323 2516 con·
1374 2496 1379 2504 -

371 2553 499 2630 silium,
520 2560 561 2617 ut
583 2572 728 2635 regnum
753 2553 903 2629 Tunicii,
930 2553 1022 2635 quod
1049 2553 1085 2616 in
1106 2552 1216 2617 medio
1240 2572 1322 2617 con·

370 2655 496 2718 sistens
518 2673 586 2717 non
610 2672 755 2735 parvum
772 2654 877 2717 dabat
895 2652 1197 2719 transfretantibus
1214 2653 1322 2736 impe·

370 2754 572 2831 (timentum,
606 2753 765 2835 primitus
805 2751 1079 2817 Christianorum
1114 2753 1324 2836 subjicerent

370 2855 548 2937 potestati.
598 2852 827 2936 Applicantes
849 2852 957 2935 igitur
986 2853 1021 2916 in
1052 2872 1159 2935 regno
1184 2853 1321 2917 Tunicii

371 2963 522 3037 portum,
549 2961 585 3017 et
611 2951 869 3035 Carthaginem,
896 2953 939 3017 ad
971 2973 1116 3036 parsum
1146 2952 1321 3018 redactam

371 3055 548 3136 oppidum,
567 3052 674 3136 juxta
695 3053 893 3130 Tunicium,
915 3053 958 3116 de
979 3053 1074 3117 sacili
1097 3060 1321 3137 occuparunt.

373 3153 454 3218 Hoc
471 3172 573 3229 anno,
596 3162 697 3217 sexto
720 3153 797 3217 idus
817 3152 959 3234 Aprilis,
982 3153 1207 3217 Eadmundus
1232 3154 1323 3218 lilius

372 3255 465 3336 regis
494 3253 596 3319 duxit
627 3271 771 3317 uxorem
805 3253 910 3316 liliam
942 3253 1108 3318 Willelmi
1140 3254 1183 3316 de
1213 3252 1322 3318 Alba·

373 3354 481 3418 marla
498 3353 634 3418 comitis
651 3353 694 3416 de
711 3352 957 3425 Holdemesse.
973 3355 1109 3417 nomine
1128 3353 1322 3430 Avelinam,

372 3472 451 3538 quae
469 3454 568 3517 heres
584 3460 660 3517 erat
677 3460 830 3536 paterna>
851 3453 1064 3531 hereditatis,
1080 3460 1116 3518 et
1130 3455 1235 3518 etiam
1253 3473 1325 3518 ma-

372 3560 500 3618 ternae:
525 3554 659 3618 ratione
676 3554 775 3637 cujus
792 3555 955 3618 comitum
968 3553 1136 3618 Devoniae
1152 3562 1187 3618 et
1201 3554 1323 3619 Vectae

372 3655 495 3718 insulae
509 3654 715 3718 dominicum
730 3653 844 3717 suerat
864 3653 1056 3731 habiturus,
1077 3654 1136 3718 sed
1155 3675 1232 3719 cum
1252 3661 1326 3718 tota

373 3754 470 3836 prole
500 3762 645 3818 mortem
678 3762 858 3836 parentum
892 3755 1072 3836 praevenit.
1130 3753 1226 3818 Obiit
1258 3753 1324 3817 hoc

373 3873 464 3917 anno
487 3854 665 3918 Walterus
687 3855 729 3917 de
755 3853 807 3919 La
831 3853 936 3931 Ville,
957 3853 1227 3918 saresberiensis
1253 3855 1326 3936 epi-

401 4060 417 4145 '¹
435 4062 695 4127 ‘Edewygam;'M.:
712 4066 757 4115 i.e.
766 4064 838 4114 Hed-
899 4059 911 4090 ⁸
924 4065 942 4113 i.
950 4078 974 4114 e.
986 4065 1178 4127 ‘episcopatum
1187 4063 1205 4127 ς’
1217 4062 1285 4118 D'A.

373 4149 488 4253 vn{geilo
499 4203 689 4266 Marlbomugh.
897 4201 907 4232 ⁴
925 4205 999 4254 ‘filiis
1009 4204 1110 4255 duobus
1122 4206 1139 4265 ;'
1151 4208 1190 4257 Μ.
1201 4212 1227 4256 et
1237 4208 1285 4258 Ar.
1305 4205 1307 4209 ’
