2896 4860
560 402 742 450 luricas.
1071 388 1138 452 205

178 554 357 636 Grrnrsro,
374 567 408 623 et
427 560 565 625 domino
591 560 734 644 Pelagio
762 560 949 625 Albanensi
972 562 1135 644 episcopo
1149 575 1178 613 ca
1150 578 1261 663 putarat»
1249 573 1272 612 or

177 655 325 722 solerter
345 670 481 743 agente,
505 662 641 744 capitur
665 661 860 726 Damiata
851 682 886 724 m
909 662 1018 726 oculis
1043 663 1133 743 regis
1150 625 1235 714 N⁰m⁵
1246 635 1265 663 ι

179 756 383 841 Babylonis,
406 763 465 844 qui
489 762 606 826 divino
628 756 783 827 terrore¹
792 781 987 846 percussus,
1006 763 1133 827 milites

178 855 396 925 Christianos
412 882 505 926 more
522 871 687 928 consueto
703 862 847 944 aggredi
864 882 932 925 non
949 871 1131 926 ostensus.

180 955 245 1022 Est
267 968 381 1024 autem
407 962 570 1027 Damiata
594 964 716 1027 civitas
735 963 882 1046 AEgypti
904 964 1076 1026 maritima
1097 963 1132 1025 in

177 1064 273 1123 terra
304 1059 451 1140 Gessen,
477 1063 568 1126 inter
602 1062 770 1128 Ramesse
796 1070 832 1127 et
859 1055 1133 1146 ²Campotaneos

178 1157 260 1237 sita,
281 1162 496 1228 antemurale
517 1164 623 1229 totius
644 1163 800 1247 AEgypti,
822 1162 1018 1246 Heliopolis
1041 1163 1134 1228 dicta

179 1258 276 1324 olim.

230 1359 312 1427 Hoc
334 1382 426 1428 anno
446 1363 642 1429 Willelmus
660 1364 858 1429 Marescalli
881 1364 994 1428 senior
1017 1363 1134 1427 delun·
1149 1377 1218 1416 Death
1228 1379 1251 1417 or

178 1462 285 1544 gitur,
316 1471 351 1528 et
379 1465 415 1528 in
445 1467 597 1529 crastino
624 1466 845 1529 Ascensionis
876 1464 967 1548 apud
995 1428 1249 1529 Novumi'liiiii
1253 1428 1290 1467 ω’

178 1562 360 1645 Templum
383 1562 572 1630 Londoniae
597 1565 773 1649 sepelitur.
828 1565 898 1630 Hic
921 1565 1016 1648 prole
1040 1564 1135 1641 felix,

179 1663 332 1745 quinque
372 1663 492 1730 habuit
531 1665 632 1742 filios,
663 1685 809 1748 quorum
842 1665 1038 1730 Willelmus
1071 1664 1135 1729 luit

178 1771 333 1847 paternae
358 1764 559 1830 hereditatis
586 1786 785 1831 successor:
810 1774 846 1831 et
861 1766 1014 1849 quinque
1034 1765 1134 1841 filias,

179 1882 326 1946 quarum
349 1865 517 1929 seniorem
542 1865 723 1930 Matildem
743 1866 887 1950 Hugoni
906 1865 1047 1946 Bigoth,
1065 1860 1136 1929 ³se-

178 1964 326 2027 cuudam
370 1964 545 2030 Joannam
584 1966 717 2031 Garine
758 1967 800 2031 dc
841 1965 1135 2043 Monte-Camisii,

180 2064 317 2129 tertiam
353 2064 538 2129 Isabellam
568 2065 726 2131 Gilberto
755 2067 797 2131 de
830 2066 944 2141 Clare,
976 2075 1135 2148 quartam

179 2162 337 2229 Sibillam
355 2164 531 2229 Willelmo
550 2166 593 2230 de
612 2166 781 2232 Ferrariis
801 2167 917 2231 comiti
933 2165 1136 2249 Derebeyae,

180 2264 338 2347 quintam
355 2264 464 2330 Evam
482 2265 657 2332 Willelmo
680 2266 722 2331 de
739 2268 905 2343 Brehuse,
926 2265 1006 2329 dum
1025 2266 1137 2331 adhuc

180 2364 327 2442 viveret,
352 2367 540 2432 maritavit.
594 2365 649 2432 Ad
674 2386 820 2450 quarum
843 2366 997 2443 heredes,
1020 2365 1136 2431 defici-

179 2472 259 2531 ente
295 2465 459 2530 fratribus
493 2467 723 2543 successione,
760 2469 868 2532 totius
904 2466 1134 2531 Marescalliae

179 2564 353 2631 hereditas
369 2567 583 2649 amplissima
598 2578 651 2632 cst
668 2567 843 2632 devoluta.

196 2769 329 2807 Eli-hc.
408 2771 431 2808 Ρ.
450 2771 656 2808 ROMANORUMR.
765 2773 918 2808 rainconun
974 2770 1112 2806 lanionum

230 3056 481 3136 Peenameus,
509 3056 746 3123 Romanorum
774 3065 810 3122 et
830 3057 957 3122 Siciliae
987 3079 1061 3137 rex,
1088 3060 1132 3123 ab
1148 3075 1222 3115 mixed

182 3154 342 3225 Honorio
367 3177 460 3241 papa
481 3158 517 3222 in
536 3157 678 3222 basilica
705 3158 740 3222 S
759 3157 855 3222 Petri
884 3160 1045 3240 apostoli,
1071 3160 1135 3222 im
1149 3134 1230 3166 ”⁰⁰¹⁸

180 3256 302 3339 periali
318 3257 511 3322 diademate
529 3266 726 3323 coronatur.
778 3259 821 3321 ln
839 3258 927 3322 festo
947 3259 1134 3324 Pentecos-

181 3362 232 3421 tes
254 3376 317 3420 rex
335 3356 509 3422 Henricus
533 3358 721 3423 Londoniis
744 3366 938 3423 coronatur.
985 3359 1134 3441 Treugae

180 3465 331 3540 quatuor
347 3477 513 3523 annorum
533 3458 624 3523 inter
643 3458 841 3542 Philippum
861 3457 1073 3523 Francorum
1097 3468 1132 3526 et

215 3701 224 3736 ¹
241 3700 418 3767 ‘perculsum'
430 3698 497 3752 ΠΛ.
670 3699 726 3749 side
744 3698 774 3748 ol
787 3698 830 3747 the
847 3699 955 3748 circular
973 3714 1037 3749 nave
1052 3701 1081 3749 ot
1092 3699 1135 3749 the

215 3771 260 3824 ¹i.
278 3789 304 3823 e.
321 3773 464 3835 Taphneoe.
498 3772 588 3822 ‘Haec
607 3776 646 3820 est
670 3769 774 3831 Temple
799 3768 911 3828 Church,
941 3771 1060 3830 Loudou;
1091 3770 1132 3819 his

181 3842 294 3906 Taphnis
311 3844 386 3905 cujus
401 3844 485 3907 campi
502 3843 528 3891 iu
548 3843 646 3905 psalmo
670 3839 755 3889 sword
766 3840 880 3901 piercing
889 3839 931 3888 the
940 3840 1006 3889 head
1015 3840 1044 3888 ol
1051 3841 1134 3904 edog.

183 3914 295 3963 meminit
331 3912 454 3974 propheta
492 3913 589 3975 David,
620 3917 646 3961 et
673 3910 765 3960 Beside
773 3909 825 3959 him
833 3911 890 3973 lies,
898 3910 960 3958 with
968 3911 1070 3960 crossed
1079 3912 1134 3973 legs

183 3983 288 4034 Eunu:
305 3982 400 4031 ‘Stulti
419 3982 546 4044 principes
562 3982 645 4044 Taph·
670 3982 721 4031 and
736 3982 762 4029 in
777 3980 820 4029 the
838 3986 879 4029 act
896 3980 925 4029 os
942 3980 1075 4044 slieathing
1095 3982 1135 4031 his

182 4053 260 4116 neor,’
269 4057 296 4103 et
306 4057 400 4103 caure
408 4047 422 4114 ;¹
440 4053 506 4115 aeg.
516 4052 546 4102 ol
554 4053 645 4102 Wend.
671 4052 764 4109 swerd,
786 4050 829 4099 the
851 4052 940 4113 ligure,
961 4052 1016 4100 also
1038 4066 1135 4101 recum·

181 4125 267 4175 infla.
357 4158 382 4184 ,
671 4120 775 4182 bertot
782 4121 825 4170 the
836 4122 889 4170 carl
900 4121 929 4171 ol
939 4122 1080 4172 Pembroke
1092 4121 1134 4172 the

216 4190 228 4224 ⁸
244 4192 296 4244 Hie
306 4191 381 4256 effigy
392 4192 440 4242 lies
450 4207 483 4242 on
498 4191 541 4243 the
555 4192 646 4255 epistle
672 4205 795 4253 younger,
805 4191 846 4240 his
857 4206 911 4243 son.
