2896 4860
163 1677 211 1718 The
220 1675 290 1723 blnda

165 1728 249 1767 tnrtbor
257 1737 304 1776 pro·

166 1788 224 1828 grus
233 1778 275 1817 and

164 1838 256 1869 suem.

321 385 388 450 256
686 401 758 448 ure.
776 399 923 447 rnrvnrr

322 557 448 634 Wake,
476 556 590 621 Adam
610 557 651 621 de
680 556 964 631 Novo-mercato,
988 553 1164 637 Rogarem
1189 554 1274 617 Ber-

323 658 448 735 trandi,
466 658 650 741 Symonem
667 657 774 721 filium
792 656 952 741 Symonis
970 655 1028 737 qui
1046 649 1172 738 ¹primo
1190 674 1273 718 vex-

322 759 418 822 illum
446 767 604 822 erexerat
636 765 760 821 contra
793 775 918 838 regem,
951 755 1199 836 Berengarium
1233 753 1276 817 de

323 857 527 933 Watervile,
560 857 746 939 Hugonem
776 855 929 931 Gubion,
955 855 1125 919 Thomam
1149 854 1283 917 Manu--

322 958 386 1033 sel,
428 957 605 1039 Rogerum
642 957 885 1039 Boutevileyn,
924 954 1109 1030 Nicolaum
1149 953 1274 1028 wake,

325 1057 517 1122 Robertum
545 1056 587 1119 de
613 1055 853 1133 Newentonia,
879 1055 1077 1137 Philippum
1099 1053 1142 1117 de
1163 1054 1275 1130 Dribi,

325 1155 563 1220 Grimbaldum
591 1155 633 1219 de
657 1156 901 1232 Paunsevout;
932 1154 1126 1236 dequibus
1156 1154 1277 1236 Symo-

325 1275 403 1320 nem
422 1256 596 1340 juniorem
625 1255 669 1319 ad
699 1265 849 1319 castrum
873 1255 915 1317 de
941 1253 1170 1330 Windelsore,
1201 1253 1276 1317 reli-

325 1376 412 1438 quos
448 1375 528 1420 vero
559 1355 601 1419 ad
638 1356 708 1419 alia
736 1363 851 1419 castra
883 1354 1074 1418 transmisit
1107 1354 1276 1436 captivos.

327 1454 431 1538 Capti
461 1464 543 1520 sunt
570 1463 605 1519 et
637 1456 696 1519 alii
727 1455 852 1518 milites
882 1454 1024 1518 minoris
1055 1453 1184 1535 gradus
1212 1454 1277 1517 cir-

327 1555 414 1620 citer
429 1554 672 1637 quadraginta,
688 1553 910 1636 scutiferique
929 1574 996 1618 non
1014 1555 1127 1635 pauci.

378 1653 539 1718 Perrexit
557 1654 635 1718 inde
661 1674 724 1718 rex
743 1673 862 1717 versus
881 1653 1109 1734 Notingbam,
1127 1654 1280 1717 maneria

330 1755 493 1818 baronum
523 1754 618 1818 caede
648 1761 789 1818 vastans
815 1760 850 1816 et
878 1753 1056 1830 incendiis,
1079 1754 1194 1835 ibique
1226 1773 1279 1816 re-

329 1853 469 1934 collegit
491 1861 671 1935 magnates
693 1873 788 1929 suos,
810 1861 845 1917 et
873 1872 1011 1916 suorum
1036 1853 1136 1916 auxit
1160 1872 1279 1916 nume·

330 1973 405 2018 rum
439 1953 665 2017 vehementer.
740 1952 865 2017 Comes
902 1952 1031 2034 Symon
1068 1952 1121 2015 bis
1153 1953 1279 2017 auditis

331 2051 529 2118 Londonias
552 2054 677 2135 pergit,
701 2061 737 2117 et
758 2052 908 2134 peractis
934 2052 1102 2116 machinis
1128 2052 1280 2117 decrevit

330 2172 532 2235 expugnare
549 2154 668 2216 urbem
687 2151 896 2229 Roffensem,
914 2171 1016 2233 quam
1033 2171 1147 2216 comes
1171 2152 1194 2216 J
1197 2172 1280 2217 oan-

332 2272 393 2316 nes
409 2251 451 2315 de
470 2251 649 2316 Warenna
664 2260 746 2316 tunc
764 2252 874 2316 tenuit
897 2260 933 2316 et
956 2251 1119 2317 defendit.
1171 2251 1281 2335 Cujus

332 2371 411 2421 curn
442 2360 576 2433 portam
608 2353 753 2434 primam
775 2371 845 2416 una
875 2370 951 2415 cum
974 2359 1080 2433 ponte
1110 2353 1282 2434 cepissent

332 2452 462 2534 Symon
481 2460 518 2516 et
534 2454 598 2528 sui,
620 2453 816 2516 nuntiatum
835 2459 888 2515 est
910 2471 1026 2532 regem
1048 2452 1165 2515 venire
1187 2451 1279 2516 Lon·

332 2551 477 2627 donias;
502 2560 644 2636 propter
665 2552 770 2633 quod,
793 2552 921 2615 omissa
942 2550 1131 2628 obsidione,
1149 2550 1184 2614 in
1205 2552 1281 2635 ejus

333 2670 512 2716 occursum
541 2652 697 2715 celeriter
729 2651 914 2715 redierunt.
971 2650 1051 2714 Rex
1081 2659 1196 2714 autem
1225 2651 1281 2715 de

332 2751 463 2814 clinans
495 2770 516 2814 a
543 2751 684 2815 civitate
712 2750 980 2826 Londoniarum,
1009 2751 1101 2832 cepit
1128 2759 1280 2815 castrum

332 2851 375 2914 de
408 2849 625 2931 Kingestone
662 2851 752 2932 quod
787 2861 862 2915 erat
895 2851 1030 2914 comitis
1061 2849 1280 2931 Gloverniae3

332 2945 576 3032 profectusque
601 2948 737 3013 Roffam
763 2951 931 3032 quosdam
959 2950 1018 3031 qui
1045 2950 1079 3012 in
1105 2951 1282 3015 obsidione

331 3059 568 3114 remanserant
590 3049 736 3130 fugavit,
757 3048 914 3132 plurimis
940 3049 1142 3114 interfectis,
1194 3050 1281 3116 Inde

332 3149 483 3232 perrexit
502 3168 611 3231 usque
624 3142 880 3230 ²Tunebregge,
895 3148 994 3232 cujus
1011 3158 1163 3213 castrum
1177 3152 1282 3233 cepit,

332 3258 367 3313 et
400 3249 609 3313 comitissam
644 3248 841 3313 Gloverniae
872 3250 908 3312 in
942 3269 995 3325 eo,
1026 3269 1129 3331 quam
1168 3259 1282 3315 tamen
1351 3324 1364 3349 ο

332 3349 473 3413 liberam
497 3348 590 3412 abire
614 3350 790 3431 permisit3
815 3349 1002 3431 relictaque
1024 3350 1066 3413 ad
1091 3349 1282 3414 custodiam

332 3448 439 3511 castri
456 3467 583 3529 magna
594 3449 728 3525 militia,
741 3449 894 3531 perrexit
907 3447 1208 3527 Wincbeleseiam,
1225 3451 1284 3514 ubi

334 3546 546 3612 Portuenses
583 3551 712 3631 recepit
748 3550 792 3612 ad
825 3568 958 3631 pacem.
1033 3548 1283 3632 Profectusque

335 3647 437 3723 ultra,
472 3649 629 3729 pervenit
663 3668 772 3730 usque
805 3647 937 3725 Lewes,
974 3658 1200 3730 receptusque
1230 3652 1283 3713 es't

333 3748 417 3829 ipse,
438 3740 507 3827 ⁸[in
527 3748 695 3830 prioratu,
714 3757 750 3812 et
769 3749 860 3812 filius
881 3748 958 3831 ejus
980 3749 1016 3810 in
1034 3756 1158 3812 castro.
1214 3749 1282 3813 Ubi

371 3919 377 3947 ¹
396 3921 508 3983 ‘primns
517 3917 532 3979 ;'
545 3917 612 3971 n'A.
820 3923 862 3972 the
882 3923 984 3972 various
1008 3923 1082 3973 MSS.
1100 3925 1241 3986 consubsd,
1257 3927 1282 3974 in

369 3988 549 4053 ¹‘l'nnbrigle
557 3989 573 4052 3’
585 3993 624 4042 M.
661 3992 707 4039 We
721 3991 795 4050 have,
820 4008 911 4056 proper
922 4007 1008 4041 names
1025 3993 1076 4042 and
1094 3994 1284 4057 placeansbe·

334 4062 360 4108 in
376 4061 428 4109 lilre
443 4076 545 4110 manner
559 4077 588 4110 as
605 4063 631 4110 in
646 4061 799 4111 tharascus
820 4064 863 4126 ing
874 4063 903 4113 ol
910 4079 942 4112 no
954 4064 1117 4124 importunae.

335 4126 503 4192 D’rtclrerius,
528 4132 641 4192 omitted,
666 4132 794 4194 generally
854 4131 939 4185 'Thia
947 4134 1034 4183 clause
1043 4132 1143 4200 (within
1153 4133 1284 4202 brackets)

489 4203 584 4252 minuta
606 4203 742 4252 variatione
769 4202 798 4251 ol
820 4204 841 4251 is
852 4205 956 4254 omitted
967 4205 994 4253 in
1006 4206 1045 4257 M.
1055 4204 1106 4254 and
1119 4204 1166 4254 Ar.
