2896 4860
328 374 394 440 250
694 390 768 438 ruc.
784 391 930 439 rurvnuu

329 555 493 632 cuperato
509 548 664 630 imperio,
688 523 861 633 quendam
876 548 941 612 sibi
958 548 1166 632 praeficiunt,
1184 571 1282 637 quem

329 649 505 732 appellant
522 648 771 730 Palaeologum.
809 648 1032 713 Baldewinus
1047 670 1129 716 vero
1147 651 1283 735 fugiens

330 749 429 814 exsul
447 749 482 811 in
501 747 627 812 Galliis
645 750 856 813 morabatur.

352 964 378 1002 D.
391 964 418 1001 lt.
428 963 448 1000 i.
460 964 484 1001 G.
583 963 605 999 P.
619 962 781 999 ROMANORUM
795 963 820 999 lt.
925 963 1078 1001 ΡΒΑΝΟΟΒΙΙΙ
1117 965 1258 1003 suetoso!

365 1050 474 1088 uccnxrr.
548 1050 689 1088 nnnarurv.
764 1050 867 1087 mossur
920 1050 1274 1091 murmurmurmur.

602 1111 625 1158 1.
804 1111 829 1158 7.
986 1111 1026 1158 ³6.
1170 1113 1213 1160 ιθ.

165 1269 315 1310 ntentans·
380 1244 566 1310 Parucurs
599 1244 752 1323 walliae,
784 1247 876 1327 regis
904 1244 1044 1329 Angliae
1073 1247 1283 1315 adversariis

166 1321 189 1360 ln
199 1318 273 1359 Wsles.

329 1345 595 1423 confoederatus,
612 1346 719 1428 coepit
733 1345 770 1408 in
789 1347 890 1410 terris
908 1347 1082 1425 Edwardi,
1101 1347 1163 1412 lilii
1178 1350 1281 1431 regis,

329 1446 454 1510 iterum
482 1446 593 1510 caedes
623 1452 658 1509 et
686 1445 845 1510 incendia
875 1466 1043 1511 exercere.
1097 1446 1281 1533 Philippus

331 1547 423 1627 regis
452 1546 663 1610 Francorum
692 1544 783 1609 filius
811 1544 1009 1625 isabellam,
1039 1546 1146 1612 filiam
1180 1543 1281 1632 'regis

330 1644 548 1727 Arragoniae,
576 1664 719 1709 uxorem
742 1646 887 1729 accepit.
938 1646 1178 1714 Marcilienses
1200 1669 1281 1714 con·

330 1754 385 1810 tra
407 1745 582 1821 Carolum,
603 1744 741 1809 favente
766 1744 816 1809 eis
838 1745 988 1829 quodam
1010 1747 1203 1814 castellano
1222 1769 1281 1816 uo-

329 1847 420 1909 mine
460 1845 651 1922 Bonifacio,
692 1847 911 1926 insurgentes
952 1846 1150 1912 occiderunt
1186 1850 1280 1915 urbis

329 1946 511 2010 custodes:
536 1946 790 2029 propterquod
813 1944 959 2011 Carolus
984 1947 1203 2014 Bonifacium
1222 1969 1280 2015 ex·

328 2065 501 2129 pugnans,
531 2045 664 2128 fugavit
692 2065 771 2109 eum
801 2046 844 2109 de
876 2047 1041 2113 comitatu
1072 2047 1280 2128 Provincias,

328 2156 444 2210 castro
466 2146 543 2230 ejus
564 2146 607 2210 ad
631 2144 837 2210 deditionem
860 2156 992 2211 coacto.
1044 2147 1281 2215 Massilienses

328 2266 411 2311 vero
434 2246 564 2311 diutius
590 2246 763 2324 obsidens,
790 2246 927 2310 tandem
952 2247 1101 2330 subegit,
1131 2256 1167 2313 et
1193 2250 1280 2317 sodi·

328 2347 433 2411 tionis
448 2355 607 2413 auctores
626 2347 662 2410 in
684 2354 869 2429 conspectu
892 2347 1014 2430 populi
1036 2348 1150 2430 capite
1174 2350 1279 2433 plecti

195 2483 236 2514 non
273 2491 279 2500 ·
328 2447 421 2512 fecit.
475 2447 575 2531 Papa
597 2447 762 2511 Urbanus
784 2448 924 2511 beatum
946 2447 1147 2524 Ricardum,
1162 2449 1279 2516 Cices·

184 2537 208 2615 ⁰0
268 2583 281 2611 ο
328 2555 476 2613 trensenr
493 2549 702 2631 episcopum,
722 2547 884 2629 catalogo
905 2555 1102 2613 sanctorum
1129 2549 1279 2634 adscnp

231 2636 260 2664 ⁶‘
328 2650 385 2712 sit.
437 2649 593 2714 loannes
614 2647 787 2726 Gervasii,
816 2649 991 2730 quassatis
1017 2648 1137 2714 electis
1160 2669 1279 2717 mona·

168 3783 296 3831 Tusbsmns

167 3833 300 3934 eac

327 2749 482 2827 chorum,
505 2769 527 2814 a
554 2750 691 2815 domino
719 2768 811 2832 papa
834 2748 874 2812 fit
900 2749 1082 2832 episcopus
1102 2749 1278 2818 Wintoui·

327 2869 431 2914 ensis.

357 3069 381 3103 D.
395 3068 421 3104 Ν.
432 3068 452 3102 J.
462 3067 486 3103 0.
591 3065 613 3104 Ρ.
626 3066 789 3103 ΒΟΜΛΝΟΒῦΙΙ
801 3067 827 3103 lt.
929 3066 1082 3104 FRANOORUH
1119 3068 1260 3107 succum

379 3354 599 3418 Enwsnnus
616 3352 707 3416 filius
725 3352 816 3435 regis
830 3351 980 3434 Angliae,
997 3373 1075 3421 cum
1090 3357 1278 3423 exercitum

328 3455 505 3539 copiosum
537 3461 657 3518 contra
683 3453 870 3537 principem
901 3453 1040 3519 Walliae
1071 3456 1279 3540 collegisset,

329 3563 365 3620 et
382 3556 452 3632 ille,
470 3556 512 3619 ad
535 3573 717 3618 nemorosa
735 3561 771 3618 et
790 3554 958 3637 palustria
979 3554 1128 3637 tirgiens,
1142 3559 1276 3642 copiam

329 3677 456 3739 pugnae
479 3676 547 3720 non
576 3654 715 3731 faceret,
746 3674 768 3718 a
796 3661 894 3737 patre
922 3653 958 3718 in
987 3653 1151 3737 Angliam
1183 3677 1278 3724 revo-

330 3765 440 3823 catur.
492 3756 622 3839 Symon
638 3754 835 3820 Leiccstriae
851 3774 977 3833 comes,
993 3756 1196 3840 capitaneus
1219 3759 1277 3823 ba·
1331 3795 1337 3806 ·

330 3879 452 3923 ronum
481 3864 603 3923 contra
624 3876 739 3938 regem
766 3855 1016 3937 insurgentium
1042 3857 1167 3936 factus,
1188 3878 1276 3941 prta·

330 3962 404 4025 dari
430 3965 583 4042 coeperat
611 3959 702 4022 bona
727 3957 801 4039 regi
827 3955 1092 4039 adhaerentinm3
1127 3966 1164 4023 et
1190 3979 1277 4042 prae·

329 4064 429 4145 cipue
462 4080 580 4124 eorum
614 4058 686 4140 qni,
714 4057 843 4139 reginae
874 4057 1072 4135 attinentes,
1107 4077 1168 4140 per
1200 4079 1274 4124 eam
