<?xml version="1.0" encoding="UTF-8"?>
<!DOCTYPE html PUBLIC "-//W3C//DTD XHTML 1.0 Transitional//EN"
    "http://www.w3.org/TR/xhtml1/DTD/xhtml1-transitional.dtd">
<html xmlns="http://www.w3.org/1999/xhtml" xml:lang="en" lang="en">
 <head>
  <title>
</title>
<meta http-equiv="Content-Type" content="text/html;charset=utf-8" />
  <meta name='ocr-system' content='tesseract 3.04.00' />
  <meta name='ocr-capabilities' content='ocr_page ocr_carea ocr_par ocr_line ocrx_word'/>
</head>
<body>
  <div class='ocr_page' id='page_1' title='image "./fnicholaitrivet01trivgoog_0415.png"; bbox 0 0 2896 4860; ppageno 0'>
   <div class='ocr_carea' id='block_1_1' title="bbox 342 385 942 455">
    <p class='ocr_par' dir='ltr' id='par_1_1' title="bbox 342 385 942 455">
     <span class='ocr_line' id='line_1_1' title="bbox 342 385 942 455; baseline -0.002 -2"><span class='ocrx_word' id='word_1_1' title='bbox 342 385 409 453; x_wconf 84' lang='grc'><strong>384</strong></span> <span class='ocrx_word' id='word_1_2' title='bbox 692 405 768 455; x_wconf 84' lang='lat' dir='ltr'><strong>rue.</strong></span> <span class='ocrx_word' id='word_1_3' title='bbox 794 404 942 454; x_wconf 81' lang='lat' dir='ltr'><strong>rnrvnrr</strong></span> 
     </span>
    </p>
   </div>
   <div class='ocr_carea' id='block_1_2' title="bbox 179 560 1294 1048">
    <p class='ocr_par' dir='ltr' id='par_1_2' title="bbox 179 560 1294 1048">
     <span class='ocr_line' id='line_1_2' title="bbox 181 560 1292 646; baseline -0.002 -19"><span class='ocrx_word' id='word_1_4' title='bbox 181 576 287 618; x_wconf 70' lang='lat' dir='ltr'><strong>mmm</strong></span> <span class='ocrx_word' id='word_1_5' title='bbox 343 582 445 646; x_wconf 89' lang='lat' dir='ltr'><strong>posse</strong></span> <span class='ocrx_word' id='word_1_6' title='bbox 478 562 619 644; x_wconf 84' lang='lat' dir='ltr'><strong>gloriari</strong></span> <span class='ocrx_word' id='word_1_7' title='bbox 651 583 689 628; x_wconf 91' lang='lat' dir='ltr'><strong>se</strong></span> <span class='ocrx_word' id='word_1_8' title='bbox 728 583 826 646; x_wconf 86' lang='lat' dir='ltr'><strong>reges</strong></span> <span class='ocrx_word' id='word_1_9' title='bbox 857 560 1049 644; x_wconf 80' lang='lat' dir='ltr'><strong>Anglorum</strong></span> <span class='ocrx_word' id='word_1_10' title='bbox 1091 581 1179 639; x_wconf 89' lang='lat' dir='ltr'><strong>esse,</strong></span> <span class='ocrx_word' id='word_1_11' title='bbox 1214 580 1292 625; x_wconf 92' lang='lat' dir='ltr'><strong>eum</strong></span> 
     </span>
     <span class='ocr_line' id='line_1_3' title="bbox 179 628 1294 747; baseline -0.005 -16"><span class='ocrx_word' id='word_1_12' title='bbox 179 628 284 731; x_wconf 42' lang='lat' dir='ltr'><strong>&amp;lide</strong></span> <span class='ocrx_word' id='word_1_13' title='bbox 343 671 442 728; x_wconf 87' lang='lat' dir='ltr'><strong>tanta</strong></span> <span class='ocrx_word' id='word_1_14' title='bbox 465 663 603 728; x_wconf 88' lang='lat' dir='ltr'><strong>honoris</strong></span> <span class='ocrx_word' id='word_1_15' title='bbox 623 664 856 747; x_wconf 83' lang='lat' dir='ltr'><strong>praerogativa</strong></span> <span class='ocrx_word' id='word_1_16' title='bbox 876 663 1083 739; x_wconf 87' lang='lat' dir='ltr'><strong>fruerentur,</strong></span> <span class='ocrx_word' id='word_1_17' title='bbox 1103 661 1196 745; x_wconf 90' lang='lat' dir='ltr'><strong>quod</strong></span> <span class='ocrx_word' id='word_1_18' title='bbox 1212 663 1294 725; x_wconf 90' lang='lat' dir='ltr'><strong>sub-</strong></span> 
     </span>
     <span class='ocr_line' id='line_1_4' title="bbox 337 761 1293 847; baseline 0 -20"><span class='ocrx_word' id='word_1_19' title='bbox 337 761 468 847; x_wconf 88' lang='lat' dir='ltr'><strong>jectam</strong></span> <span class='ocrx_word' id='word_1_20' title='bbox 496 763 662 829; x_wconf 89' lang='lat' dir='ltr'><strong>haberent</strong></span> <span class='ocrx_word' id='word_1_21' title='bbox 693 773 746 829; x_wconf 91' lang='lat' dir='ltr'><strong>tot</strong></span> <span class='ocrx_word' id='word_1_22' title='bbox 784 784 904 846; x_wconf 84' lang='lat' dir='ltr'><strong>regum</strong></span> <span class='ocrx_word' id='word_1_23' title='bbox 930 764 1134 847; x_wconf 86' lang='lat' dir='ltr'><strong>potentiam.</strong></span> <span class='ocrx_word' id='word_1_24' title='bbox 1204 761 1293 827; x_wconf 89' lang='lat' dir='ltr'>Post</span> 
     </span>
     <span class='ocr_line' id='line_1_5' title="bbox 342 864 1292 947; baseline -0.002 -20"><span class='ocrx_word' id='word_1_25' title='bbox 342 864 471 928; x_wconf 92' lang='lat' dir='ltr'><strong>dietum</strong></span> <span class='ocrx_word' id='word_1_26' title='bbox 503 864 678 947; x_wconf 83' lang='lat' dir='ltr'><strong>Edgarum</strong></span> <span class='ocrx_word' id='word_1_27' title='bbox 701 866 895 929; x_wconf 87' lang='lat' dir='ltr'><strong>successive</strong></span> <span class='ocrx_word' id='word_1_28' title='bbox 929 870 1162 946; x_wconf 84' lang='lat' dir='ltr'><strong>regnaverunt</strong></span> <span class='ocrx_word' id='word_1_29' title='bbox 1192 882 1292 945; x_wconf 78' lang='lat' dir='ltr'><strong>reges</strong></span> 
     </span>
     <span class='ocr_line' id='line_1_6' title="bbox 344 963 1293 1048; baseline -0.002 -20"><span class='ocrx_word' id='word_1_30' title='bbox 344 964 494 1047; x_wconf 84' lang='lat' dir='ltr'><strong>Angliee,</strong></span> <span class='ocrx_word' id='word_1_31' title='bbox 512 965 548 1029; x_wconf 88' lang='lat' dir='ltr'><strong>S.</strong></span> <span class='ocrx_word' id='word_1_32' title='bbox 566 965 757 1030; x_wconf 86' lang='lat' dir='ltr'><strong>Edwardus</strong></span> <span class='ocrx_word' id='word_1_33' title='bbox 773 973 917 1048; x_wconf 79' lang='lat' dir='ltr'><strong>martyr,</strong></span> <span class='ocrx_word' id='word_1_34' title='bbox 940 963 1169 1029; x_wconf 83' lang='lat' dir='ltr'><strong>Etheldredus</strong></span> <span class='ocrx_word' id='word_1_35' title='bbox 1185 963 1293 1027; x_wconf 81' lang='lat' dir='ltr'><strong>irater</strong></span> 
     </span>
    </p>
   </div>
   <div class='ocr_carea' id='block_1_3' title="bbox 342 1058 1293 1149">
    <p class='ocr_par' dir='ltr' id='par_1_3' title="bbox 342 1058 1293 1149">
     <span class='ocr_line' id='line_1_7' title="bbox 342 1058 1293 1149; baseline -0.001 -21"><span class='ocrx_word' id='word_1_36' title='bbox 342 1065 430 1149; x_wconf 87' lang='lat' dir='ltr'><strong>ejus,</strong></span> <span class='ocrx_word' id='word_1_37' title='bbox 464 1065 666 1129; x_wconf 89' lang='lat' dir='ltr'><strong>Edmundus</strong></span> <span class='ocrx_word' id='word_1_38' title='bbox 692 1066 804 1129; x_wconf 89' lang='lat' dir='ltr'><strong>dictus</strong></span> <span class='ocrx_word' id='word_1_39' title='bbox 834 1058 1026 1130; x_wconf 89' lang='lat' dir='ltr'><strong>¹Ireneside</strong></span> <span class='ocrx_word' id='word_1_40' title='bbox 1052 1065 1144 1128; x_wconf 86' lang='lat' dir='ltr'><strong>lilius</strong></span> <span class='ocrx_word' id='word_1_41' title='bbox 1175 1063 1293 1127; x_wconf 91' lang='lat' dir='ltr'><strong>Ethel-</strong></span> 
     </span>
    </p>
   </div>
   <div class='ocr_carea' id='block_1_4' title="bbox 339 1151 1292 3958">
    <p class='ocr_par' dir='ltr' id='par_1_4' title="bbox 340 1151 1292 2446">
     <span class='ocr_line' id='line_1_8' title="bbox 342 1151 1292 1249; baseline -0.002 -20"><span class='ocrx_word' id='word_1_42' title='bbox 342 1166 450 1243; x_wconf 85' lang='lat' dir='ltr'><strong>dredi,</strong></span> <span class='ocrx_word' id='word_1_43' title='bbox 475 1173 512 1230; x_wconf 96' lang='lat' dir='ltr'><strong>et</strong></span> <span class='ocrx_word' id='word_1_44' title='bbox 533 1151 707 1231; x_wconf 81' lang='lat' dir='ltr'><strong>²Hiricius</strong></span> <span class='ocrx_word' id='word_1_45' title='bbox 734 1168 795 1249; x_wconf 92' lang='lat' dir='ltr'><strong>qui</strong></span> <span class='ocrx_word' id='word_1_46' title='bbox 826 1186 943 1230; x_wconf 89' lang='lat' dir='ltr'><strong>eorum</strong></span> <span class='ocrx_word' id='word_1_47' title='bbox 974 1165 1186 1249; x_wconf 81' lang='lat' dir='ltr'><strong>temporibus</strong></span> <span class='ocrx_word' id='word_1_48' title='bbox 1218 1184 1292 1246; x_wconf 83' lang='lat' dir='ltr'><strong>reg-</strong></span> 
     </span>
     <span class='ocr_line' id='line_1_9' title="bbox 342 1265 1289 1351; baseline 0 -22"><span class='ocrx_word' id='word_1_49' title='bbox 342 1286 424 1330; x_wconf 92' lang='lat' dir='ltr'><strong>num</strong></span> <span class='ocrx_word' id='word_1_50' title='bbox 451 1265 577 1331; x_wconf 87' lang='lat' dir='ltr'><strong>Scotiee</strong></span> <span class='ocrx_word' id='word_1_51' title='bbox 603 1268 639 1330; x_wconf 92' lang='lat' dir='ltr'><strong>in</strong></span> <span class='ocrx_word' id='word_1_52' title='bbox 665 1285 730 1330; x_wconf 87' lang='lat' dir='ltr'><strong>sua</strong></span> <span class='ocrx_word' id='word_1_53' title='bbox 756 1266 970 1351; x_wconf 86' lang='lat' dir='ltr'><strong>subjectione</strong></span> <span class='ocrx_word' id='word_1_54' title='bbox 1000 1266 1143 1349; x_wconf 89' lang='lat' dir='ltr'><strong>pacifice</strong></span> <span class='ocrx_word' id='word_1_55' title='bbox 1172 1273 1289 1330; x_wconf 90' lang='lat' dir='ltr'><strong>tenue·</strong></span> 
     </span>
     <span class='ocr_line' id='line_1_10' title="bbox 343 1366 1291 1450; baseline 0 -20"><span class='ocrx_word' id='word_1_56' title='bbox 343 1374 445 1431; x_wconf 87' lang='lat' dir='ltr'><strong>mnt:</strong></span> <span class='ocrx_word' id='word_1_57' title='bbox 478 1367 544 1431; x_wconf 89' lang='lat' dir='ltr'><strong>boc</strong></span> <span class='ocrx_word' id='word_1_58' title='bbox 563 1367 737 1432; x_wconf 84' lang='lat' dir='ltr'><strong>duntaxat</strong></span> <span class='ocrx_word' id='word_1_59' title='bbox 758 1374 917 1450; x_wconf 86' lang='lat' dir='ltr'><strong>excepto,</strong></span> <span class='ocrx_word' id='word_1_60' title='bbox 942 1366 1032 1450; x_wconf 92' lang='lat' dir='ltr'><strong>quod</strong></span> <span class='ocrx_word' id='word_1_61' title='bbox 1056 1386 1147 1431; x_wconf 87' lang='lat' dir='ltr'><strong>anno</strong></span> <span class='ocrx_word' id='word_1_62' title='bbox 1169 1367 1291 1449; x_wconf 90' lang='lat' dir='ltr'><strong>quinto</strong></span> 
     </span>
     <span class='ocr_line' id='line_1_11' title="bbox 342 1465 1290 1551; baseline 0 -21"><span class='ocrx_word' id='word_1_63' title='bbox 342 1466 474 1532; x_wconf 89' lang='lat' dir='ltr'><strong>decimo</strong></span> <span class='ocrx_word' id='word_1_64' title='bbox 497 1467 624 1532; x_wconf 89' lang='lat' dir='ltr'><strong>Hirieii</strong></span> <span class='ocrx_word' id='word_1_65' title='bbox 647 1467 815 1551; x_wconf 82' lang='lat' dir='ltr'><strong>praedicti,</strong></span> <span class='ocrx_word' id='word_1_66' title='bbox 838 1467 927 1531; x_wconf 92' lang='lat' dir='ltr'><strong>idem</strong></span> <span class='ocrx_word' id='word_1_67' title='bbox 952 1466 1107 1530; x_wconf 90' lang='lat' dir='ltr'><strong>Hiricius</strong></span> <span class='ocrx_word' id='word_1_68' title='bbox 1139 1465 1290 1530; x_wconf 87' lang='lat' dir='ltr'><strong>Scotiam</strong></span> 
     </span>
     <span class='ocr_line' id='line_1_12' title="bbox 342 1566 1289 1651; baseline 0.001 -22"><span class='ocrx_word' id='word_1_69' title='bbox 342 1567 576 1642; x_wconf 81' lang='lat' dir='ltr'><strong>rebellantem,</strong></span> <span class='ocrx_word' id='word_1_70' title='bbox 610 1567 829 1651; x_wconf 86' lang='lat' dir='ltr'><strong>expeditione</strong></span> <span class='ocrx_word' id='word_1_71' title='bbox 859 1567 943 1631; x_wconf 89' lang='lat' dir='ltr'><strong>illuc</strong></span> <span class='ocrx_word' id='word_1_72' title='bbox 970 1566 1087 1644; x_wconf 90' lang='lat' dir='ltr'><strong>ducta,</strong></span> <span class='ocrx_word' id='word_1_73' title='bbox 1117 1574 1152 1631; x_wconf 89' lang='lat' dir='ltr'><strong>et</strong></span> <span class='ocrx_word' id='word_1_74' title='bbox 1174 1586 1289 1649; x_wconf 81' lang='lat' dir='ltr'><strong>regem</strong></span> 
     </span>
     <span class='ocr_line' id='line_1_13' title="bbox 342 1666 1290 1751; baseline 0 -20"><span class='ocrx_word' id='word_1_75' title='bbox 342 1666 469 1732; x_wconf 84' lang='lat' dir='ltr'><strong>Scotiae</strong></span> <span class='ocrx_word' id='word_1_76' title='bbox 498 1687 606 1751; x_wconf 89' lang='lat' dir='ltr'><strong>parvo</strong></span> <span class='ocrx_word' id='word_1_77' title='bbox 629 1668 765 1749; x_wconf 84' lang='lat' dir='ltr'><strong>subegit</strong></span> <span class='ocrx_word' id='word_1_78' title='bbox 797 1668 949 1748; x_wconf 77' lang='lat' dir='ltr'><strong>negotio,</strong></span> <span class='ocrx_word' id='word_1_79' title='bbox 979 1667 1205 1750; x_wconf 89' lang='lat' dir='ltr'><strong>subditusque</strong></span> <span class='ocrx_word' id='word_1_80' title='bbox 1236 1677 1290 1731; x_wconf 90' lang='lat' dir='ltr'><strong>est</strong></span> 
     </span>
     <span class='ocr_line' id='line_1_14' title="bbox 341 1766 1291 1851; baseline -0.001 -19"><span class='ocrx_word' id='word_1_81' title='bbox 341 1767 451 1832; x_wconf 91' lang='lat' dir='ltr'><strong>eidem</strong></span> <span class='ocrx_word' id='word_1_82' title='bbox 482 1768 666 1851; x_wconf 79' lang='lat' dir='ltr'><strong>praedictus</strong></span> <span class='ocrx_word' id='word_1_83' title='bbox 693 1767 913 1832; x_wconf 86' lang='lat' dir='ltr'><strong>Malcolmus.</strong></span> <span class='ocrx_word' id='word_1_84' title='bbox 992 1767 1128 1846; x_wconf 88' lang='lat' dir='ltr'><strong>Quibus</strong></span> <span class='ocrx_word' id='word_1_85' title='bbox 1161 1766 1291 1831; x_wconf 82' lang='lat' dir='ltr'><strong>Herel-</strong></span> 
     </span>
     <span class='ocr_line' id='line_1_15' title="bbox 341 1867 1288 1951; baseline 0 -20"><span class='ocrx_word' id='word_1_86' title='bbox 341 1868 406 1932; x_wconf 91' lang='lat' dir='ltr'><strong>dus</strong></span> <span class='ocrx_word' id='word_1_87' title='bbox 433 1869 525 1932; x_wconf 91' lang='lat' dir='ltr'><strong>filius</strong></span> <span class='ocrx_word' id='word_1_88' title='bbox 548 1868 676 1933; x_wconf 84' lang='lat' dir='ltr'><strong>Canuti</strong></span> <span class='ocrx_word' id='word_1_89' title='bbox 701 1877 737 1933; x_wconf 91' lang='lat' dir='ltr'><strong>et</strong></span> <span class='ocrx_word' id='word_1_90' title='bbox 763 1867 1041 1932; x_wconf 86' lang='lat' dir='ltr'><strong>Hardakanutus</strong></span> <span class='ocrx_word' id='word_1_91' title='bbox 1067 1867 1174 1933; x_wconf 87' lang='lat' dir='ltr'><strong>frater</strong></span> <span class='ocrx_word' id='word_1_92' title='bbox 1201 1867 1288 1951; x_wconf 91' lang='lat' dir='ltr'><strong>ejus,</strong></span> 
     </span>
     <span class='ocr_line' id='line_1_16' title="bbox 342 1967 1288 2051; baseline 0 -19"><span class='ocrx_word' id='word_1_93' title='bbox 342 1988 430 2032; x_wconf 90' lang='lat' dir='ltr'><strong>unus</strong></span> <span class='ocrx_word' id='word_1_94' title='bbox 461 1976 541 2051; x_wconf 88' lang='lat' dir='ltr'><strong>post</strong></span> <span class='ocrx_word' id='word_1_95' title='bbox 573 1969 692 2044; x_wconf 90' lang='lat' dir='ltr'><strong>alium,</strong></span> <span class='ocrx_word' id='word_1_96' title='bbox 722 1988 821 2051; x_wconf 79' lang='lat' dir='ltr'><strong>reges</strong></span> <span class='ocrx_word' id='word_1_97' title='bbox 854 1967 991 2050; x_wconf 84' lang='lat' dir='ltr'><strong>Angliae</strong></span> <span class='ocrx_word' id='word_1_98' title='bbox 1024 1975 1288 2046; x_wconf 82' lang='lat' dir='ltr'><strong>successerunt3</strong></span> 
     </span>
     <span class='ocr_line' id='line_1_17' title="bbox 341 2067 1288 2153; baseline 0 -20"><span class='ocrx_word' id='word_1_99' title='bbox 341 2070 399 2152; x_wconf 91' lang='lat' dir='ltr'><strong>qui</strong></span> <span class='ocrx_word' id='word_1_100' title='bbox 416 2069 492 2148; x_wconf 85' lang='lat' dir='ltr'><strong>sibi,</strong></span> <span class='ocrx_word' id='word_1_101' title='bbox 508 2088 546 2133; x_wconf 89' lang='lat' dir='ltr'><strong>se</strong></span> <span class='ocrx_word' id='word_1_102' title='bbox 570 2070 805 2152; x_wconf 82' lang='lat' dir='ltr'><strong>regnantibus,</strong></span> <span class='ocrx_word' id='word_1_103' title='bbox 826 2069 1073 2153; x_wconf 86' lang='lat' dir='ltr'><strong>subjectionem</strong></span> <span class='ocrx_word' id='word_1_104' title='bbox 1090 2068 1188 2150; x_wconf 84' lang='lat' dir='ltr'><strong>regni</strong></span> <span class='ocrx_word' id='word_1_105' title='bbox 1205 2067 1288 2133; x_wconf 91' lang='lat' dir='ltr'><strong>Sco·</strong></span> 
     </span>
     <span class='ocr_line' id='line_1_18' title="bbox 340 2163 1288 2252; baseline -0.003 -17"><span class='ocrx_word' id='word_1_106' title='bbox 340 2170 398 2235; x_wconf 83' lang='lat' dir='ltr'><strong>tiae</strong></span> <span class='ocrx_word' id='word_1_107' title='bbox 424 2170 602 2252; x_wconf 86' lang='lat' dir='ltr'><strong>pacificam</strong></span> <span class='ocrx_word' id='word_1_108' title='bbox 635 2170 840 2235; x_wconf 86' lang='lat' dir='ltr'><strong>habuerunt.</strong></span> <span class='ocrx_word' id='word_1_109' title='bbox 904 2168 1007 2246; x_wconf 87' lang='lat' dir='ltr'><strong>Item,</strong></span> <span class='ocrx_word' id='word_1_110' title='bbox 1026 2163 1078 2235; x_wconf 87' lang='lat' dir='ltr'><strong>³S.</strong></span> <span class='ocrx_word' id='word_1_111' title='bbox 1098 2168 1288 2233; x_wconf 86' lang='lat' dir='ltr'><strong>Edwardus</strong></span> 
     </span>
     <span class='ocr_line' id='line_1_19' title="bbox 340 2267 1287 2353; baseline -0.001 -20"><span class='ocrx_word' id='word_1_112' title='bbox 340 2290 403 2334; x_wconf 85' lang='lat' dir='ltr'><strong>rex</strong></span> <span class='ocrx_word' id='word_1_113' title='bbox 420 2267 559 2352; x_wconf 79' lang='lat' dir='ltr'><strong>Angliee</strong></span> <span class='ocrx_word' id='word_1_114' title='bbox 578 2290 722 2353; x_wconf 81' lang='lat' dir='ltr'><strong>regnum</strong></span> <span class='ocrx_word' id='word_1_115' title='bbox 745 2269 871 2335; x_wconf 84' lang='lat' dir='ltr'><strong>Scotiae</strong></span> <span class='ocrx_word' id='word_1_116' title='bbox 889 2269 1089 2346; x_wconf 87' lang='lat' dir='ltr'><strong>Malcolmo,</strong></span> <span class='ocrx_word' id='word_1_117' title='bbox 1107 2269 1178 2335; x_wconf 91' lang='lat' dir='ltr'><strong>filio</strong></span> <span class='ocrx_word' id='word_1_118' title='bbox 1196 2270 1287 2352; x_wconf 84' lang='lat' dir='ltr'><strong>regis</strong></span> 
     </span>
     <span class='ocr_line' id='line_1_20' title="bbox 341 2369 1009 2446; baseline -0.001 -11"><span class='ocrx_word' id='word_1_119' title='bbox 341 2370 571 2446; x_wconf 84' lang='lat' dir='ltr'><strong>Cimbrorum,</strong></span> <span class='ocrx_word' id='word_1_120' title='bbox 589 2371 631 2434; x_wconf 93' lang='lat' dir='ltr'><strong>de</strong></span> <span class='ocrx_word' id='word_1_121' title='bbox 648 2390 686 2434; x_wconf 91' lang='lat' dir='ltr'><strong>se</strong></span> <span class='ocrx_word' id='word_1_122' title='bbox 702 2370 797 2434; x_wconf 87' lang='lat' dir='ltr'><strong>dedit</strong></span> <span class='ocrx_word' id='word_1_123' title='bbox 813 2369 1009 2435; x_wconf 89' lang='lat' dir='ltr'><strong>tenendum.</strong></span> 
     </span>
    </p>

    <p class='ocr_par' dir='ltr' id='par_1_5' title="bbox 339 2469 1291 3958">
     <span class='ocr_line' id='line_1_21' title="bbox 389 2469 1291 2554; baseline 0.001 -20"><span class='ocrx_word' id='word_1_124' title='bbox 389 2470 519 2549; x_wconf 89' lang='lat' dir='ltr'><strong>‘Item,</strong></span> <span class='ocrx_word' id='word_1_125' title='bbox 545 2470 742 2537; x_wconf 89' lang='lat' dir='ltr'><strong>Willelmus</strong></span> <span class='ocrx_word' id='word_1_126' title='bbox 766 2470 969 2547; x_wconf 86' lang='lat' dir='ltr'><strong>Bastardus,</strong></span> <span class='ocrx_word' id='word_1_127' title='bbox 1003 2491 1065 2535; x_wconf 85' lang='lat' dir='ltr'><strong>rex</strong></span> <span class='ocrx_word' id='word_1_128' title='bbox 1094 2469 1243 2554; x_wconf 82' lang='lat' dir='ltr'><strong>Angliae,</strong></span> <span class='ocrx_word' id='word_1_129' title='bbox 1268 2490 1291 2535; x_wconf 87' lang='lat' dir='ltr'><strong>a</strong></span> 
     </span>
     <span class='ocr_line' id='line_1_22' title="bbox 340 2569 1287 2655; baseline 0 -21"><span class='ocrx_word' id='word_1_130' title='bbox 340 2569 527 2636; x_wconf 87' lang='lat' dir='ltr'><strong>Malcolmo</strong></span> <span class='ocrx_word' id='word_1_131' title='bbox 557 2591 638 2654; x_wconf 78' lang='lat' dir='ltr'><strong>rege</strong></span> <span class='ocrx_word' id='word_1_132' title='bbox 660 2570 798 2649; x_wconf 84' lang='lat' dir='ltr'><strong>Scotiae,</strong></span> <span class='ocrx_word' id='word_1_133' title='bbox 822 2578 985 2655; x_wconf 88' lang='lat' dir='ltr'><strong>tanquam</strong></span> <span class='ocrx_word' id='word_1_134' title='bbox 1015 2590 1037 2634; x_wconf 86' lang='lat' dir='ltr'><strong>a</strong></span> <span class='ocrx_word' id='word_1_135' title='bbox 1063 2591 1127 2635; x_wconf 89' lang='lat' dir='ltr'><strong>suo</strong></span> <span class='ocrx_word' id='word_1_136' title='bbox 1151 2571 1287 2635; x_wconf 89' lang='lat' dir='ltr'><strong>homine</strong></span> 
     </span>
     <span class='ocr_line' id='line_1_23' title="bbox 339 2670 1287 2755; baseline 0.002 -21"><span class='ocrx_word' id='word_1_137' title='bbox 339 2671 404 2735; x_wconf 89' lang='lat' dir='ltr'><strong>sibi</strong></span> <span class='ocrx_word' id='word_1_138' title='bbox 426 2672 576 2750; x_wconf 89' lang='lat' dir='ltr'><strong>subdito,</strong></span> <span class='ocrx_word' id='word_1_139' title='bbox 597 2673 725 2755; x_wconf 88' lang='lat' dir='ltr'><strong>recepit</strong></span> <span class='ocrx_word' id='word_1_140' title='bbox 745 2671 952 2754; x_wconf 83' lang='lat' dir='ltr'><strong>homagium.</strong></span> <span class='ocrx_word' id='word_1_141' title='bbox 1000 2670 1102 2748; x_wconf 91' lang='lat' dir='ltr'><strong>Item,</strong></span> <span class='ocrx_word' id='word_1_142' title='bbox 1111 2670 1287 2736; x_wconf 89' lang='lat' dir='ltr'><strong>Willelmo</strong></span> 
     </span>
     <span class='ocr_line' id='line_1_24' title="bbox 341 2771 1287 2855; baseline 0 -20"><span class='ocrx_word' id='word_1_143' title='bbox 341 2771 448 2849; x_wconf 78' lang='lat' dir='ltr'><strong>Ruso,</strong></span> <span class='ocrx_word' id='word_1_144' title='bbox 481 2774 556 2855; x_wconf 85' lang='lat' dir='ltr'><strong>regi</strong></span> <span class='ocrx_word' id='word_1_145' title='bbox 586 2771 738 2855; x_wconf 82' lang='lat' dir='ltr'><strong>Angliee,</strong></span> <span class='ocrx_word' id='word_1_146' title='bbox 769 2772 955 2854; x_wconf 88' lang='lat' dir='ltr'><strong>praedietus</strong></span> <span class='ocrx_word' id='word_1_147' title='bbox 989 2771 1196 2836; x_wconf 84' lang='lat' dir='ltr'><strong>Malcolmus</strong></span> <span class='ocrx_word' id='word_1_148' title='bbox 1226 2792 1287 2836; x_wconf 86' lang='lat' dir='ltr'><strong>rex</strong></span> 
     </span>
     <span class='ocr_line' id='line_1_25' title="bbox 339 2871 1286 2957; baseline -0.002 -21"><span class='ocrx_word' id='word_1_149' title='bbox 339 2871 521 2937; x_wconf 84' lang='lat' dir='ltr'><strong>Scotorum</strong></span> <span class='ocrx_word' id='word_1_150' title='bbox 555 2873 755 2957; x_wconf 89' lang='lat' dir='ltr'><strong>juramento</strong></span> <span class='ocrx_word' id='word_1_151' title='bbox 790 2872 968 2936; x_wconf 90' lang='lat' dir='ltr'><strong>fidelitatis</strong></span> <span class='ocrx_word' id='word_1_152' title='bbox 1004 2871 1180 2955; x_wconf 84' lang='lat' dir='ltr'><strong>subjectus</strong></span> <span class='ocrx_word' id='word_1_153' title='bbox 1211 2871 1286 2936; x_wconf 84' lang='lat' dir='ltr'><strong>suit.</strong></span> 
     </span>
     <span class='ocr_line' id='line_1_26' title="bbox 341 2971 1289 3056; baseline -0.001 -19"><span class='ocrx_word' id='word_1_154' title='bbox 341 2972 442 3050; x_wconf 93' lang='lat' dir='ltr'><strong>Item,</strong></span> <span class='ocrx_word' id='word_1_155' title='bbox 457 2973 643 3056; x_wconf 80' lang='lat' dir='ltr'><strong>praedictus</strong></span> <span class='ocrx_word' id='word_1_156' title='bbox 653 2972 849 3037; x_wconf 88' lang='lat' dir='ltr'><strong>Willelmus</strong></span> <span class='ocrx_word' id='word_1_157' title='bbox 863 2971 1106 3036; x_wconf 87' lang='lat' dir='ltr'><strong>Dunevaldnm</strong></span> <span class='ocrx_word' id='word_1_158' title='bbox 1121 2971 1165 3035; x_wconf 91' lang='lat' dir='ltr'><strong>de</strong></span> <span class='ocrx_word' id='word_1_159' title='bbox 1181 2991 1289 3054; x_wconf 78' lang='lat' dir='ltr'><strong>regno</strong></span> 
     </span>
     <span class='ocr_line' id='line_1_27' title="bbox 340 3072 1284 3157; baseline -0.002 -20"><span class='ocrx_word' id='word_1_160' title='bbox 340 3072 466 3138; x_wconf 85' lang='lat' dir='ltr'><strong>Scotiae</strong></span> <span class='ocrx_word' id='word_1_161' title='bbox 492 3093 537 3137; x_wconf 84' lang='lat' dir='ltr'><strong>ex</strong></span> <span class='ocrx_word' id='word_1_162' title='bbox 560 3072 668 3157; x_wconf 89' lang='lat' dir='ltr'><strong>justis</strong></span> <span class='ocrx_word' id='word_1_163' title='bbox 693 3073 807 3137; x_wconf 86' lang='lat' dir='ltr'><strong>causis</strong></span> <span class='ocrx_word' id='word_1_164' title='bbox 830 3072 972 3149; x_wconf 87' lang='lat' dir='ltr'><strong>amovit,</strong></span> <span class='ocrx_word' id='word_1_165' title='bbox 1001 3080 1038 3136; x_wconf 90' lang='lat' dir='ltr'><strong>et</strong></span> <span class='ocrx_word' id='word_1_166' title='bbox 1059 3072 1284 3137; x_wconf 87' lang='lat' dir='ltr'><strong>Dunecanum</strong></span> 
     </span>
     <span class='ocr_line' id='line_1_28' title="bbox 340 3171 1288 3257; baseline 0 -20"><span class='ocrx_word' id='word_1_167' title='bbox 340 3172 447 3237; x_wconf 92' lang='lat' dir='ltr'><strong>filium</strong></span> <span class='ocrx_word' id='word_1_168' title='bbox 479 3172 658 3237; x_wconf 89' lang='lat' dir='ltr'><strong>Maleolmi</strong></span> <span class='ocrx_word' id='word_1_169' title='bbox 683 3192 790 3256; x_wconf 84' lang='lat' dir='ltr'><strong>regno</strong></span> <span class='ocrx_word' id='word_1_170' title='bbox 819 3171 946 3237; x_wconf 81' lang='lat' dir='ltr'><strong>Scotiae</strong></span> <span class='ocrx_word' id='word_1_171' title='bbox 975 3172 1142 3257; x_wconf 86' lang='lat' dir='ltr'><strong>praefecit,</strong></span> <span class='ocrx_word' id='word_1_172' title='bbox 1168 3180 1203 3238; x_wconf 90' lang='lat' dir='ltr'><strong>et</strong></span> <span class='ocrx_word' id='word_1_173' title='bbox 1238 3193 1288 3237; x_wconf 78' lang='lat' dir='ltr'><strong>re</strong></span> 
     </span>
     <span class='ocr_line' id='line_1_29' title="bbox 340 3272 1288 3358; baseline 0.001 -21"><span class='ocrx_word' id='word_1_174' title='bbox 340 3274 432 3355; x_wconf 88' lang='lat' dir='ltr'><strong>cepit</strong></span> <span class='ocrx_word' id='word_1_175' title='bbox 457 3272 657 3338; x_wconf 85' lang='lat' dir='ltr'><strong>fidelitatem</strong></span> <span class='ocrx_word' id='word_1_176' title='bbox 689 3274 734 3337; x_wconf 89' lang='lat' dir='ltr'><strong>ab</strong></span> <span class='ocrx_word' id='word_1_177' title='bbox 764 3293 806 3338; x_wconf 92' lang='lat' dir='ltr'><strong>eo</strong></span> <span class='ocrx_word' id='word_1_178' title='bbox 838 3280 874 3337; x_wconf 93' lang='lat' dir='ltr'><strong>et</strong></span> <span class='ocrx_word' id='word_1_179' title='bbox 897 3273 1154 3358; x_wconf 85' lang='lat' dir='ltr'><strong>juramentum3</strong></span> <span class='ocrx_word' id='word_1_180' title='bbox 1182 3274 1288 3338; x_wconf 76' lang='lat' dir='ltr'><strong>dicte</strong></span> 
     </span>
     <span class='ocr_line' id='line_1_30' title="bbox 341 3373 1288 3457; baseline 0 -19"><span class='ocrx_word' id='word_1_181' title='bbox 341 3393 408 3457; x_wconf 91' lang='lat' dir='ltr'><strong>que</strong></span> <span class='ocrx_word' id='word_1_182' title='bbox 426 3374 616 3438; x_wconf 86' lang='lat' dir='ltr'><strong>Dunecano</strong></span> <span class='ocrx_word' id='word_1_183' title='bbox 638 3373 757 3439; x_wconf 89' lang='lat' dir='ltr'><strong>dolose</strong></span> <span class='ocrx_word' id='word_1_184' title='bbox 774 3381 963 3457; x_wconf 87' lang='lat' dir='ltr'><strong>perempto,</strong></span> <span class='ocrx_word' id='word_1_185' title='bbox 985 3374 1098 3438; x_wconf 85' lang='lat' dir='ltr'><strong>dictus</strong></span> <span class='ocrx_word' id='word_1_186' title='bbox 1116 3395 1176 3438; x_wconf 84' lang='lat' dir='ltr'><strong>rex</strong></span> <span class='ocrx_word' id='word_1_187' title='bbox 1202 3394 1288 3456; x_wconf 86' lang='lat' dir='ltr'><strong>prae·</strong></span> 
     </span>
     <span class='ocr_line' id='line_1_31' title="bbox 341 3473 1286 3558; baseline 0.001 -21"><span class='ocrx_word' id='word_1_188' title='bbox 341 3473 448 3538; x_wconf 88' lang='lat' dir='ltr'><strong>fatum</strong></span> <span class='ocrx_word' id='word_1_189' title='bbox 474 3473 730 3552; x_wconf 89' lang='lat' dir='ltr'><strong>Dunevaldum,</strong></span> <span class='ocrx_word' id='word_1_190' title='bbox 752 3474 812 3558; x_wconf 91' lang='lat' dir='ltr'><strong>qui</strong></span> <span class='ocrx_word' id='word_1_191' title='bbox 838 3475 963 3537; x_wconf 91' lang='lat' dir='ltr'><strong>iterum</strong></span> <span class='ocrx_word' id='word_1_192' title='bbox 986 3494 1130 3556; x_wconf 83' lang='lat' dir='ltr'><strong>regnum</strong></span> <span class='ocrx_word' id='word_1_193' title='bbox 1160 3474 1286 3538; x_wconf 85' lang='lat' dir='ltr'><strong>Scotiae</strong></span> 
     </span>
     <span class='ocr_line' id='line_1_32' title="bbox 340 3574 1287 3657; baseline 0.001 -20"><span class='ocrx_word' id='word_1_194' title='bbox 340 3574 528 3651; x_wconf 88' lang='lat' dir='ltr'><strong>invaserat,</strong></span> <span class='ocrx_word' id='word_1_195' title='bbox 553 3576 684 3639; x_wconf 87' lang='lat' dir='ltr'><strong>amovit</strong></span> <span class='ocrx_word' id='word_1_196' title='bbox 702 3576 746 3638; x_wconf 87' lang='lat' dir='ltr'><strong>ab</strong></span> <span class='ocrx_word' id='word_1_197' title='bbox 769 3574 900 3651; x_wconf 90' lang='lat' dir='ltr'><strong>eodem,</strong></span> <span class='ocrx_word' id='word_1_198' title='bbox 922 3581 957 3638; x_wconf 89' lang='lat' dir='ltr'><strong>et</strong></span> <span class='ocrx_word' id='word_1_199' title='bbox 980 3574 1155 3657; x_wconf 85' lang='lat' dir='ltr'><strong>Edgarum</strong></span> <span class='ocrx_word' id='word_1_200' title='bbox 1179 3575 1287 3638; x_wconf 87' lang='lat' dir='ltr'><strong>filium</strong></span> 
     </span>
     <span class='ocr_line' id='line_1_33' title="bbox 339 3673 1288 3756; baseline 0 -18"><span class='ocrx_word' id='word_1_201' title='bbox 339 3674 422 3740; x_wconf 90' lang='lat' dir='ltr'><strong>dicti</strong></span> <span class='ocrx_word' id='word_1_202' title='bbox 454 3674 632 3740; x_wconf 87' lang='lat' dir='ltr'><strong>Malcolmi</strong></span> <span class='ocrx_word' id='word_1_203' title='bbox 661 3694 777 3756; x_wconf 88' lang='lat' dir='ltr'><strong>regem</strong></span> <span class='ocrx_word' id='word_1_204' title='bbox 806 3673 932 3739; x_wconf 85' lang='lat' dir='ltr'><strong>Scotiae</strong></span> <span class='ocrx_word' id='word_1_205' title='bbox 963 3676 1155 3750; x_wconf 88' lang='lat' dir='ltr'><strong>constituit,</strong></span> <span class='ocrx_word' id='word_1_206' title='bbox 1181 3685 1216 3740; x_wconf 93' lang='lat' dir='ltr'><strong>et</strong></span> <span class='ocrx_word' id='word_1_207' title='bbox 1243 3676 1288 3739; x_wconf 93' lang='lat' dir='ltr'><strong>ei·</strong></span> 
     </span>
     <span class='ocr_line' id='line_1_34' title="bbox 339 3774 1286 3857; baseline -0.001 -18"><span class='ocrx_word' id='word_1_208' title='bbox 339 3774 417 3839; x_wconf 91' lang='lat' dir='ltr'><strong>dem</strong></span> <span class='ocrx_word' id='word_1_209' title='bbox 439 3794 582 3857; x_wconf 88' lang='lat' dir='ltr'><strong>regnum</strong></span> <span class='ocrx_word' id='word_1_210' title='bbox 605 3774 690 3839; x_wconf 89' lang='lat' dir='ltr'><strong>illud</strong></span> <span class='ocrx_word' id='word_1_211' title='bbox 713 3774 878 3853; x_wconf 90' lang='lat' dir='ltr'><strong>donavit;</strong></span> <span class='ocrx_word' id='word_1_212' title='bbox 905 3775 960 3839; x_wconf 89' lang='lat' dir='ltr'><strong>eni</strong></span> <span class='ocrx_word' id='word_1_213' title='bbox 988 3776 1155 3840; x_wconf 87' lang='lat' dir='ltr'><strong>successit</strong></span> <span class='ocrx_word' id='word_1_214' title='bbox 1177 3775 1286 3840; x_wconf 85' lang='lat' dir='ltr'><strong>Alex·</strong></span> 
     </span>
     <span class='ocr_line' id='line_1_35' title="bbox 339 3874 1286 3958; baseline -0.002 -18"><span class='ocrx_word' id='word_1_215' title='bbox 339 3875 446 3940; x_wconf 91' lang='lat' dir='ltr'><strong>ander</strong></span> <span class='ocrx_word' id='word_1_216' title='bbox 461 3876 551 3939; x_wconf 91' lang='lat' dir='ltr'><strong>filius</strong></span> <span class='ocrx_word' id='word_1_217' title='bbox 576 3875 707 3957; x_wconf 81' lang='lat' dir='ltr'><strong>Edgari</strong></span> <span class='ocrx_word' id='word_1_218' title='bbox 724 3894 894 3939; x_wconf 88' lang='lat' dir='ltr'><strong>consensu</strong></span> <span class='ocrx_word' id='word_1_219' title='bbox 917 3876 1009 3957; x_wconf 81' lang='lat' dir='ltr'><strong>regis</strong></span> <span class='ocrx_word' id='word_1_220' title='bbox 1027 3874 1165 3958; x_wconf 81' lang='lat' dir='ltr'><strong>Angliae</strong></span> <span class='ocrx_word' id='word_1_221' title='bbox 1187 3875 1286 3939; x_wconf 91' lang='lat' dir='ltr'><strong>Hen-</strong></span> 
     </span>
    </p>
   </div>
   <div class='ocr_carea' id='block_1_5' title="bbox 338 4081 1340 4287">
    <p class='ocr_par' dir='ltr' id='par_1_6' title="bbox 338 4081 1340 4287">
     <span class='ocr_line' id='line_1_36' title="bbox 338 4081 1340 4188; baseline 0.001 -54"><span class='ocrx_word' id='word_1_222' title='bbox 338 4158 347 4188; x_wconf 51' lang='grc' dir='ltr'><strong><em>ι</em></strong></span> <span class='ocrx_word' id='word_1_223' title='bbox 375 4081 589 4172; x_wconf 60' lang='lat' dir='ltr'><strong>¹‘Yrensyd03&#39;</strong></span> <span class='ocrx_word' id='word_1_224' title='bbox 625 4086 684 4135; x_wconf 87' lang='lat' dir='ltr'><strong>Cod.</strong></span> <span class='ocrx_word' id='word_1_225' title='bbox 714 4086 799 4149; x_wconf 52' lang='lat' dir='ltr'><strong>aega</strong></span> <span class='ocrx_word' id='word_1_226' title='bbox 859 4081 1284 4146; x_wconf 60' lang='lat' dir='ltr'><strong>’‘sanctusdictnnmtmdms</strong></span> <span class='ocrx_word' id='word_1_227' title='bbox 1333 4158 1340 4171; x_wconf 44' lang='grc'><em>“</em></span> 
     </span>
     <span class='ocr_line' id='line_1_37' title="bbox 356 4156 695 4287; baseline -0.002 -11"><span class='ocrx_word' id='word_1_228' title='bbox 356 4156 642 4287; x_wconf 62' lang='lat' dir='ltr'><strong>euanuit</strong></span> <span class='ocrx_word' id='word_1_229' title='bbox 655 4226 695 4275; x_wconf 51' lang='lat' dir='ltr'><strong>a,</strong></span> 
     </span>
    </p>
   </div>
   <div class='ocr_carea' id='block_1_6' title="bbox 0 0 1452 4860">
    <p class='ocr_par' dir='ltr' id='par_1_7' title="bbox 0 0 1452 4860">
     <span class='ocr_line' id='line_1_38' title="bbox 0 0 1452 4860; baseline 0 1"><span class='ocrx_word' id='word_1_230' title='bbox 0 0 1452 4860; x_wconf 95' lang='lat' dir='ltr'><strong> </strong></span> 
     </span>
    </p>
   </div>
  </div>
 </body>
</html>
