2896 4860
576 424 755 474 aurnuns.
1075 413 1141 477 2⁴5

181 589 236 647 tes
263 589 300 646 et
328 582 473 647 barones
502 581 655 665 Angliae,
677 583 944 649 assentientibus
974 584 1139 667 praelatis,

181 681 380 746 denuntiari
413 683 569 747 lecerunt
595 703 657 765 per
685 683 841 765 singulos
873 685 1071 761 comitatus,
1100 695 1139 748 ut

181 780 315 845 chartae
348 781 391 845 de
420 782 638 847 libertatibus
669 790 707 847 et
738 783 867 868 foresta
894 783 1139 849 inviolabiliter

181 881 470 947 observarentur:
502 883 711 966 adquorum
736 883 950 962 instantiam,
969 883 1136 966 archiepi-

180 998 310 1065 scopus
327 981 535 1046 Bonefacius
551 983 755 1047 sententiam
774 984 1138 1048 excommunicationis

182 1080 265 1145 tulit
287 1082 324 1144 iu
342 1100 461 1145 omnes
482 1101 601 1146 earum
621 1090 832 1164 spontaneos
852 1090 1136 1167 transgressores.

183 1178 390 1258 hwslinus,
419 1181 578 1265 princeps
603 1181 756 1259 Walliae,
780 1183 926 1248 collecta
950 1203 1053 1248 manu
1078 1203 1300 1249 vaunnam

181 1279 266 1358 lida,
280 1280 425 1346 intrarit
438 1282 639 1347 comitatum
656 1278 813 1360 Cestriae,
830 1302 932 1366 quem
951 1304 1013 1348 rex
1027 1303 1137 1367 nuper
1149 1259 1172 1299 ¹¹¹
1182 1258 1257 1299 Μ’

182 1378 356 1445 Edwareo
393 1380 465 1445 filio
501 1400 565 1445 suo
598 1381 802 1458 contulerat,
832 1391 868 1447 et
899 1385 1015 1448 omnia
1042 1384 1136 1448 caede

180 1487 289 1563 atque
320 1479 478 1546 incendio
507 1500 617 1564 usque
643 1480 686 1545 ad
717 1490 836 1564 portas
867 1484 962 1548 urbis
990 1484 1135 1549 Cestriae

179 1579 391 1644 devastavit.
458 1580 513 1644 Ad
544 1581 643 1664 cujus
676 1582 926 1664 reprimendum
957 1584 1135 1668 impetum,

180 1678 280 1743 miles
295 1688 458 1744 strennus
478 1687 513 1744 et
529 1680 683 1745 famosus
704 1681 818 1745 dictus
838 1682 1034 1765 Stephanus
1056 1703 1135 1766 noga

181 1786 346 1844 nomento
375 1773 548 1853 ¹Baucan,
572 1798 649 1843 cum
672 1781 827 1845 exercitu
853 1801 875 1847 a
897 1802 979 1865 rege
998 1785 1135 1862 missus,

179 1898 260 1943 cum
276 1881 443 1944 intrasset
460 1887 588 1943 terram
605 1878 786 1962 cujusdam
804 1881 991 1946 Wallensis
1009 1885 1134 1948 nobilis

180 1979 321 2044 nomine
338 1979 436 2057 Resi,
458 1987 687 2062 cognomento
704 1979 868 2059 Vauhan,
888 1981 921 2046 id
944 1992 998 2047 cst
1017 1983 1134 2060 Parvi,

179 2078 403 2144 multitudine
420 2079 571 2144 hostium
591 2079 627 2143 in
649 2079 735 2143 locis
756 2080 968 2163 palustribus
989 2084 1133 2147 circum·

179 2187 307 2243 ventus
329 2179 474 2244 sabbato
496 2181 534 2243 in
556 2178 770 2244 hebdomada
793 2179 1017 2246 Pentecostes
1043 2184 1134 2248 occi·

179 2278 285 2343 ditur.
338 2278 478 2362 Reliqui
493 2286 609 2345 autem
631 2279 673 2343 de
696 2280 772 2363 ejus
794 2282 949 2345 exercitu
967 2282 1023 2346 vel
1046 2304 1134 2366 prae-

179 2378 299 2443 liando
321 2398 398 2443 cum
422 2378 509 2444 duce
530 2399 594 2444 suo
617 2378 754 2453 cadunt,
774 2380 828 2443 val
850 2381 921 2444 vivi
944 2382 1037 2465 capti
1059 2384 1134 2447 vin-

178 2479 268 2543 culis
285 2480 537 2562 mancipantur,
551 2477 707 2560 exceptis
724 2480 843 2562 paucis
860 2481 920 2563 qui
938 2501 999 2564 per
1016 2482 1134 2565 fugam

180 2579 329 2643 eradere
366 2585 564 2663 potueruut.
631 2578 713 2643 Hoc
749 2598 839 2644 auno
877 2600 964 2663 puer
995 2584 1134 2664 quidam

181 2678 414 2757 Christianus,
436 2680 573 2744 nomine
600 2677 721 2763 Hugo,
743 2699 765 2744 a
786 2679 922 2745 ludaeis
946 2681 1134 2747 Lincolniae

180 2787 307 2863 captus
321 2786 386 2858 est,
404 2786 440 2843 et
458 2782 494 2844 in
515 2780 758 2863 improperium
776 2779 965 2845 Christiani
986 2783 1134 2847 nominis

177 2879 364 2943 crudeliter
377 2880 572 2944 crucifixus.

205 3085 357 3300 lamuel
431 3098 453 3134 Ρ.
467 3096 628 3134 aomanorum
642 3098 667 3134 B.
769 3097 923 3134 trancosum
970 3099 1109 3137 ANGLOBUM

215 3185 321 3223 loeffl.
375 3183 563 3221 numanum.
614 3184 718 3222 arcuum
769 3185 1118 3225 uouovrullx.rtuuu1c1111.

456 3245 482 3291 2.
672 3277 679 3292 .
832 3247 874 3292 ⁸⁰.
1024 3249 1065 3294 40.

232 3381 469 3448 Auuxannnn
498 3402 590 3467 papa
620 3385 821 3467 magistrum
850 3338 1062 3449 Willelmum
1091 3386 1277 3500 d⁸ffi⁶3?”*

175 3483 471 3560 Sancto-Amore,
487 3483 689 3548 canonicum
705 3485 951 3549 Belvacensem
964 3504 1133 3570 suumque
1146 3511 1238 3550 wrnnm
1248 3512 1273 3551 οι

181 3584 411 3668 capellanum,
437 3591 579 3667 propter
596 3585 868 3668 persecutionem
892 3584 1021 3669 injuste
1042 3562 1256 3651 com-scama,

182 3692 313 3750 motam
344 3691 465 3748 contra
496 3684 675 3767 religiosos
709 3685 960 3764 Mendicantes,
986 3693 1021 3750 et
1047 3707 1135 3770 prae-

180 3785 282 3868 cipue
306 3783 570 3865 Praedicatores,
587 3783 757 3868 Anagniae
777 3786 1038 3866 condemuavit3
1064 3789 1133 3870 pri·

182 3906 269 3951 rans
292 3905 371 3951 eum
394 3885 586 3967 capellania
612 3905 689 3963 sua,
716 3895 752 3952 et
772 3887 866 3952 omni
889 3888 1053 3953 beneficio
1078 3907 1134 3952 ec-

182 3985 376 4052 clesiastico
406 3984 525 4050 habito
559 3994 594 4050 et
624 3986 807 4051 habendo:
845 3987 997 4050 libellum
1028 3990 1132 4052 etiam

428 4207 436 4240 ¹
453 4206 593 4271 ‘Barium‘
606 4212 663 4261 M.:
679 4214 687 4240 ⁴
699 4212 802 4261 llaucan
808 4207 827 4275 ς’
840 4213 887 4263 Ar.
