2896 4860
341 386 386 450 44
703 397 776 445 Nic.
792 396 940 445 rarvurr

339 555 500 621 Cesarea
531 552 695 636 Philippi,
723 562 759 618 et
784 572 806 617 a
836 553 1016 619 Saracenis
1042 558 1146 634 capta
1177 560 1213 616 et
1234 552 1291 615 de·

338 663 471 720 structa
496 654 662 729 totaliter,
692 662 819 736 praeter
847 654 924 738 ejus
948 654 1171 716 munitionem
1196 653 1290 735 prin-

338 755 494 838 cipalem.
547 754 628 819 Rex
661 753 894 832 Baldewinus,
920 753 1054 818 insidiis
1079 753 1293 816 circumven-

340 865 407 933 tnS,
437 855 497 919 vix
522 855 656 933 evasit;
695 855 862 938 illataque
891 863 944 919 est
975 861 1112 936 strages
1138 852 1292 916 maxima

340 954 557 1020 Christianis.

391 1450 629 1514 Fannnnrcus
669 1451 865 1532 imperator,
896 1450 1004 1531 Alpes
1040 1457 1119 1533 post
1152 1448 1290 1514 Pascha

338 1550 522 1628 transiens,
542 1550 676 1614 obsedit
692 1549 947 1626 Mediolanum3
979 1558 1025 1626 et,
1047 1557 1127 1631 post
1148 1549 1289 1631 longam

338 1649 559 1728 obsidionem,
584 1650 718 1714 reddita
742 1651 826 1714 urbe
854 1651 1074 1733 acceptisque
1099 1648 1289 1726 obsidibus,

338 1748 508 1831 disposuit
522 1749 564 1814 ad
582 1751 836 1833 oppressionem
851 1750 1015 1814 Willelmi
1031 1749 1122 1830 regis
1144 1742 1288 1813 ¹Siciliae

338 1848 534 1931 procedere,
553 1859 655 1932 prout
672 1850 747 1932 ipse
764 1859 799 1914 et
817 1849 983 1913 Emanuel
1001 1850 1187 1932 imperator
1200 1848 1289 1913 Con·

174 1988 281 2029 ΜΟ,
339 1949 670 2032 stantinopolitauus
701 1950 791 2013 inter
821 1969 859 2013 sc
888 1949 1127 2013 condixerant.
1191 1948 1289 2013 Mor-

172 2039 400 2137 ffiwtuo
434 2048 604 2126 Galsrido,
633 2050 738 2113 fratre
770 2049 861 2130 regis
893 2048 1046 2131 Angliae,
1080 2048 1138 2131 qui
1172 2067 1288 2112 comes

171 2138 293 2230 ew?
340 2147 572 2212 Nanneteusis
599 2157 685 2225 erat,
707 2148 871 2213 Conanus
893 2150 964 2213 dux
989 2148 1179 2213 Britanniae
1205 2149 1290 2212 civi·

337 2254 447 2314 tatem
465 2248 695 2314 Nanneticam
712 2251 904 2331 occupavit.

170 2367 312 2460 &naemu
390 2348 576 2425 Henricns,
588 2369 649 2413 rex
661 2347 866 2431 Anglorum,
879 2368 992 2413 mense
1003 2347 1164 2430 Augusto
1178 2357 1288 2412 trans·

169 2467 274 2517 runnu
337 2446 478 2514 fretavit
502 2451 538 2513 in
564 2449 825 2528 Normanniam,
848 2450 1108 2532 collocutusqne
1131 2456 1185 2513 est
1207 2467 1285 2512 cum

171 2517 236 2559 laub
246 2518 297 2559 VH.
875 2549 881 2562 .

336 2567 418 2630 rege
436 2550 659 2627 Francorum,
680 2569 783 2632 super
800 2549 941 2613 fluvium
958 2543 1115 2625 ²Etham‚
1131 2548 1174 2612 de
1189 2567 1285 2630 pace,

336 2657 373 2711 et
401 2651 619 2715 matrimonio
656 2649 888 2715 contrahendo
926 2650 1015 2714 iuter
1044 2649 1150 2711 filium
1185 2667 1286 2712 suum

338 2748 529 2814 Henricum
560 2758 595 2814 et
622 2749 857 2831 Margaretam
887 2749 991 2812 tiliam
1020 2749 1110 2830 regis
1133 2747 1285 2813 Franco-

337 2868 425 2925 rum,
450 2849 683 2931 praestitisque
705 2848 783 2911 hinc
799 2848 878 2912 iude
893 2869 997 2932 supcr
1013 2848 1076 2913 hoc
1092 2868 1287 2912 sacramen-

338 2949 393 3025 tis,
423 2968 484 3013 rcx
503 2948 642 3030 Angliae
666 2949 760 3011 venit
790 2946 1099 3030 Argentomagum,
1125 2948 1183 3011 ubi
1206 2968 1286 3012 con-

337 3069 467 3113 vocans
489 3049 692 3123 exercitum,
714 3047 885 3130 disposuit
911 3047 1074 3114 invadere
1104 3047 1284 3113 Conanum

336 3148 456 3213 ducem
475 3149 679 3224 Britanniae,
702 3168 764 3230 pro
781 3149 959 3213 invasione
980 3147 1185 3212 Nanneticae
1202 3149 1286 3212 civi·

337 3250 431 3313 tatis.
479 3248 623 3315 Interim
641 3268 735 3325 vero,
758 3268 819 3330 per
841 3268 955 3330 regem
976 3249 1187 3313 Francorum
1203 3269 1285 3314 evo·

336 3356 447 3423 estun,
471 3369 547 3412 cum
571 3348 690 3431 paucis
714 3349 809 3412 venit
834 3342 1016 3425 ³Parisios,
1041 3356 1076 3412 et
1099 3349 1285 3414 inaestima-

336 3447 397 3511 bili
424 3448 552 3513 bonore
573 3467 595 3512 a
619 3467 700 3529 rege
725 3447 913 3520 Lodovico.
939 3457 974 3512 et
1000 3448 1204 3513 Constantia
1230 3469 1284 3513 re·

337 3549 429 3630 gina,
447 3549 613 3631 regnique
631 3549 828 3632 proceribus
845 3556 899 3613 est
915 3558 1092 3632 exceptus.
1134 3549 1285 3613 Rediens

337 3657 451 3712 autem
471 3649 575 3713 tiliam
600 3649 690 3730 regis
708 3647 919 3713 Francorum
939 3669 1054 3713 secum
1077 3649 1189 3726 duxit,
1210 3649 1284 3714 Ro-

336 3750 502 3832 bertoque
519 3749 561 3812 dc
579 3748 805 3830 Novoburgo,
822 3751 897 3813 viro
914 3749 1018 3812 nobili
1034 3758 1068 3812 ct
1087 3748 1190 3826 fideli,
1214 3759 1285 3814 tra·

168 3868 273 3921 omne„
287 3872 323 3912 ne
335 3848 422 3913 didit
446 3849 670 3912 nutriendam.
724 3848 845 3912 Mense
862 3869 942 3912 vero
965 3849 1170 3931 Septembri,
1194 3869 1285 3914 nono

166 3918 322 4017 mlum
335 3949 402 4012 cul.
419 3949 592 4023 Octobris,
615 3956 718 4012 uatus
741 3955 794 4012 est
809 3949 881 4030 regi
904 3949 1006 4025 filius,
1029 3968 1129 4031 quem
1145 3951 1285 4014 vocavit

166 4020 227 4071 &pt-
239 4025 271 4064 ²³.

371 4132 377 4164 ¹
395 4129 525 4193 ‘Sicilire'
537 4134 641 4183 omitted
652 4134 678 4184 iu
691 4129 758 4184 u’A.
856 4130 920 4182 'All
933 4134 974 4181 tbu
988 4135 1061 4184 MSS.
1075 4135 1126 4183 and
1140 4129 1207 4186 u’A.
1219 4135 1283 4185 have

370 4203 380 4230 ²
396 4207 404 4231 ‘
418 4200 513 4266 Etu1u;‘
527 4204 565 4254 M.
820 4207 826 4230 ‘
842 4204 976 4254 Parisino!
