<?xml version="1.0" encoding="UTF-8"?>
<!DOCTYPE html PUBLIC "-//W3C//DTD XHTML 1.0 Transitional//EN"
    "http://www.w3.org/TR/xhtml1/DTD/xhtml1-transitional.dtd">
<html xmlns="http://www.w3.org/1999/xhtml" xml:lang="en" lang="en">
 <head>
  <title>
</title>
<meta http-equiv="Content-Type" content="text/html;charset=utf-8" />
  <meta name='ocr-system' content='tesseract 3.04.00' />
  <meta name='ocr-capabilities' content='ocr_page ocr_carea ocr_par ocr_line ocrx_word'/>
</head>
<body>
  <div class='ocr_page' id='page_1' title='image "./fnicholaitrivet01trivgoog_0377.png"; bbox 0 0 2896 4860; ppageno 0'>
   <div class='ocr_carea' id='block_1_1' title="bbox 324 392 918 457">
    <p class='ocr_par' dir='ltr' id='par_1_1' title="bbox 324 392 918 457">
     <span class='ocr_line' id='line_1_1' title="bbox 324 392 918 457; baseline -0.01 0"><span class='ocrx_word' id='word_1_1' title='bbox 324 392 392 457; x_wconf 78' lang='lat' dir='ltr'><strong>ato</strong></span> <span class='ocrx_word' id='word_1_2' title='bbox 680 404 918 453; x_wconf 56' lang='lat' dir='ltr'><strong>sussurim</strong></span> 
     </span>
    </p>
   </div>
   <div class='ocr_carea' id='block_1_2' title="bbox 163 563 1281 1150">
    <p class='ocr_par' dir='ltr' id='par_1_2' title="bbox 163 563 1281 1150">
     <span class='ocr_line' id='line_1_2' title="bbox 327 563 1281 642; baseline -0.001 -12"><span class='ocrx_word' id='word_1_3' title='bbox 327 577 403 642; x_wconf 82' lang='lat' dir='ltr'><strong>trae,</strong></span> <span class='ocrx_word' id='word_1_4' title='bbox 418 565 556 628; x_wconf 91' lang='lat' dir='ltr'><strong>nomine</strong></span> <span class='ocrx_word' id='word_1_5' title='bbox 574 573 695 628; x_wconf 88' lang='lat' dir='ltr'><strong>nostro</strong></span> <span class='ocrx_word' id='word_1_6' title='bbox 709 583 752 628; x_wconf 79' lang='lat' dir='ltr'><strong>ac</strong></span> <span class='ocrx_word' id='word_1_7' title='bbox 766 563 904 628; x_wconf 89' lang='lat' dir='ltr'><strong>nomine</strong></span> <span class='ocrx_word' id='word_1_8' title='bbox 920 564 1107 628; x_wconf 80' lang='lat' dir='ltr'><strong>eorundem</strong></span> <span class='ocrx_word' id='word_1_9' title='bbox 1122 566 1281 629; x_wconf 91' lang='lat' dir='ltr'><strong>omnium</strong></span> 
     </span>
     <span class='ocr_line' id='line_1_3' title="bbox 326 660 1233 748; baseline 0 -18"><span class='ocrx_word' id='word_1_10' title='bbox 326 675 362 730; x_wconf 86' lang='lat' dir='ltr'><strong>et</strong></span> <span class='ocrx_word' id='word_1_11' title='bbox 379 665 594 747; x_wconf 76' lang='lat' dir='ltr'><strong>singulorum</strong></span> <span class='ocrx_word' id='word_1_12' title='bbox 613 665 712 728; x_wconf 80' lang='lat' dir='ltr'><strong>robis</strong></span> <span class='ocrx_word' id='word_1_13' title='bbox 733 664 907 728; x_wconf 89' lang='lat' dir='ltr'><strong>reddimus</strong></span> <span class='ocrx_word' id='word_1_14' title='bbox 924 685 988 747; x_wconf 81' lang='lat' dir='ltr'><strong>per</strong></span> <span class='ocrx_word' id='word_1_15' title='bbox 1007 660 1233 748; x_wconf 70' lang='lat' dir='ltr'><strong>praesentes.’¹</strong></span> 
     </span>
     <span class='ocr_line' id='line_1_4' title="bbox 378 765 1280 849; baseline 0 -19"><span class='ocrx_word' id='word_1_16' title='bbox 378 766 457 830; x_wconf 83' lang='lat' dir='ltr'><strong>Rex</strong></span> <span class='ocrx_word' id='word_1_17' title='bbox 474 765 594 830; x_wconf 89' lang='lat' dir='ltr'><strong>audita</strong></span> <span class='ocrx_word' id='word_1_18' title='bbox 609 765 675 829; x_wconf 80' lang='lat' dir='ltr'><strong>hae</strong></span> <span class='ocrx_word' id='word_1_19' title='bbox 695 765 813 830; x_wconf 85' lang='lat' dir='ltr'><strong>littera</strong></span> <span class='ocrx_word' id='word_1_20' title='bbox 834 767 1103 848; x_wconf 70' lang='lat' dir='ltr'><strong>resignationem</strong></span> <span class='ocrx_word' id='word_1_21' title='bbox 1123 766 1280 849; x_wconf 81' lang='lat' dir='ltr'><strong>homagii</strong></span> 
     </span>
     <span class='ocr_line' id='line_1_5' title="bbox 326 866 1281 950; baseline 0.001 -19"><span class='ocrx_word' id='word_1_22' title='bbox 326 869 381 931; x_wconf 88' lang='lat' dir='ltr'><strong>sui</strong></span> <span class='ocrx_word' id='word_1_23' title='bbox 397 867 548 943; x_wconf 77' lang='lat' dir='ltr'><strong>admisit,</strong></span> <span class='ocrx_word' id='word_1_24' title='bbox 568 876 605 930; x_wconf 89' lang='lat' dir='ltr'><strong>et</strong></span> <span class='ocrx_word' id='word_1_25' title='bbox 623 866 830 930; x_wconf 83' lang='lat' dir='ltr'><strong>cancellario</strong></span> <span class='ocrx_word' id='word_1_26' title='bbox 846 886 913 930; x_wconf 91' lang='lat' dir='ltr'><strong>suo</strong></span> <span class='ocrx_word' id='word_1_27' title='bbox 930 868 1098 950; x_wconf 74' lang='lat' dir='ltr'><strong>pracepit</strong></span> <span class='ocrx_word' id='word_1_28' title='bbox 1118 866 1208 932; x_wconf 85' lang='lat' dir='ltr'><strong>hanc</strong></span> <span class='ocrx_word' id='word_1_29' title='bbox 1219 868 1281 932; x_wconf 91' lang='lat' dir='ltr'><strong>lit-</strong></span> 
     </span>
     <span class='ocr_line' id='line_1_6' title="bbox 327 967 1281 1050; baseline 0.002 -19"><span class='ocrx_word' id='word_1_30' title='bbox 327 979 437 1032; x_wconf 82' lang='lat' dir='ltr'><strong>teram</strong></span> <span class='ocrx_word' id='word_1_31' title='bbox 469 968 660 1049; x_wconf 79' lang='lat' dir='ltr'><strong>registrari,</strong></span> <span class='ocrx_word' id='word_1_32' title='bbox 690 967 735 1030; x_wconf 90' lang='lat' dir='ltr'><strong>ad</strong></span> <span class='ocrx_word' id='word_1_33' title='bbox 770 977 971 1050; x_wconf 84' lang='lat' dir='ltr'><strong>perpetuam</strong></span> <span class='ocrx_word' id='word_1_34' title='bbox 999 968 1199 1032; x_wconf 80' lang='lat' dir='ltr'><strong>memoriam</strong></span> <span class='ocrx_word' id='word_1_35' title='bbox 1227 970 1281 1033; x_wconf 84' lang='lat' dir='ltr'><strong>rei</strong></span> 
     </span>
     <span class='ocr_line' id='line_1_7' title="bbox 163 1066 1279 1150; baseline 0.006 -23"><span class='ocrx_word' id='word_1_36' title='bbox 163 1086 279 1127; x_wconf 61' lang='grc' dir='ltr'><strong>Μαι.</strong></span> <span class='ocrx_word' id='word_1_37' title='bbox 326 1078 448 1150; x_wconf 77' lang='lat' dir='ltr'><strong>gestae.</strong></span> <span class='ocrx_word' id='word_1_38' title='bbox 499 1066 653 1132; x_wconf 86' lang='lat' dir='ltr'><strong>Comites</strong></span> <span class='ocrx_word' id='word_1_39' title='bbox 670 1067 796 1132; x_wconf 81' lang='lat' dir='ltr'><strong>Scotiae</strong></span> <span class='ocrx_word' id='word_1_40' title='bbox 818 1069 979 1150; x_wconf 85' lang='lat' dir='ltr'><strong>superius</strong></span> <span class='ocrx_word' id='word_1_41' title='bbox 995 1069 1176 1146; x_wconf 85' lang='lat' dir='ltr'><strong>nominati,</strong></span> <span class='ocrx_word' id='word_1_42' title='bbox 1196 1089 1279 1134; x_wconf 91' lang='lat' dir='ltr'><strong>cum</strong></span> 
     </span>
    </p>
   </div>
   <div class='ocr_carea' id='block_1_3' title="bbox 166 1138 1278 1279">
    <p class='ocr_par' dir='ltr' id='par_1_3' title="bbox 166 1138 1278 1279">
     <span class='ocr_line' id='line_1_8' title="bbox 166 1138 1278 1279; baseline 0.003 -46"><span class='ocrx_word' id='word_1_43' title='bbox 166 1138 278 1279; x_wconf 48' lang='lat' dir='ltr'><strong>{affl</strong></span> <span class='ocrx_word' id='word_1_44' title='bbox 327 1188 445 1234; x_wconf 86' lang='lat' dir='ltr'><strong>eorum</strong></span> <span class='ocrx_word' id='word_1_45' title='bbox 469 1169 645 1246; x_wconf 80' lang='lat' dir='ltr'><strong>comitiva,</strong></span> <span class='ocrx_word' id='word_1_46' title='bbox 668 1168 759 1250; x_wconf 87' lang='lat' dir='ltr'><strong>apud</strong></span> <span class='ocrx_word' id='word_1_47' title='bbox 783 1177 935 1232; x_wconf 78' lang='lat' dir='ltr'><strong>castrum</strong></span> <span class='ocrx_word' id='word_1_48' title='bbox 960 1168 1004 1232; x_wconf 88' lang='lat' dir='ltr'><strong>de</strong></span> <span class='ocrx_word' id='word_1_49' title='bbox 1024 1162 1278 1236; x_wconf 81' lang='lat' dir='ltr'><strong>²Gedewortbo</strong></span> 
     </span>
    </p>
   </div>
   <div class='ocr_carea' id='block_1_4' title="bbox 164 1269 1280 3361">
    <p class='ocr_par' dir='ltr' id='par_1_4' title="bbox 164 1269 1280 2256">
     <span class='ocr_line' id='line_1_9' title="bbox 164 1269 1278 1378; baseline 0.003 -45"><span class='ocrx_word' id='word_1_50' title='bbox 164 1288 207 1378; x_wconf 54' lang='lat'><strong>2¹13</strong></span> <span class='ocrx_word' id='word_1_51' title='bbox 210 1289 305 1378; x_wconf 48' lang='lat' dir='ltr'><strong>md</strong></span> <span class='ocrx_word' id='word_1_52' title='bbox 327 1270 525 1346; x_wconf 86' lang='lat' dir='ltr'><strong>coadunati,</strong></span> <span class='ocrx_word' id='word_1_53' title='bbox 542 1269 781 1352; x_wconf 81' lang='lat' dir='ltr'><strong>profectisuut</strong></span> <span class='ocrx_word' id='word_1_54' title='bbox 794 1269 1024 1350; x_wconf 78' lang='lat' dir='ltr'><strong>inAugliam3</strong></span> <span class='ocrx_word' id='word_1_55' title='bbox 1046 1278 1083 1334; x_wconf 89' lang='lat' dir='ltr'><strong>et</strong></span> <span class='ocrx_word' id='word_1_56' title='bbox 1096 1279 1278 1336; x_wconf 76' lang='lat' dir='ltr'><strong>vastantes</strong></span> 
     </span>
     <span class='ocr_line' id='line_1_10' title="bbox 167 1363 1277 1453; baseline 0.006 -24"><span class='ocrx_word' id='word_1_57' title='bbox 167 1389 217 1430; x_wconf 71' lang='lat' dir='ltr'><strong>sa</strong></span> <span class='ocrx_word' id='word_1_58' title='bbox 218 1390 276 1436; x_wconf 67' lang='lat' dir='ltr'><strong>aaa</strong></span> <span class='ocrx_word' id='word_1_59' title='bbox 327 1372 443 1435; x_wconf 88' lang='lat' dir='ltr'><strong>omnia</strong></span> <span class='ocrx_word' id='word_1_60' title='bbox 474 1369 569 1434; x_wconf 86' lang='lat' dir='ltr'><strong>caede</strong></span> <span class='ocrx_word' id='word_1_61' title='bbox 596 1378 633 1433; x_wconf 88' lang='lat' dir='ltr'><strong>et</strong></span> <span class='ocrx_word' id='word_1_62' title='bbox 662 1363 867 1446; x_wconf 85' lang='lat' dir='ltr'><strong>incendio,³</strong></span> <span class='ocrx_word' id='word_1_63' title='bbox 872 1389 983 1452; x_wconf 88' lang='lat' dir='ltr'><strong>usque</strong></span> <span class='ocrx_word' id='word_1_64' title='bbox 1007 1370 1052 1433; x_wconf 90' lang='lat' dir='ltr'><strong>ad</strong></span> <span class='ocrx_word' id='word_1_65' title='bbox 1084 1372 1277 1453; x_wconf 82' lang='lat' dir='ltr'><strong>prioratum</strong></span> 
     </span>
     <span class='ocr_line' id='line_1_11' title="bbox 215 1448 1280 1554; baseline 0.002 -19.237"><span class='ocrx_word' id='word_1_66' title='bbox 215 1448 686 1554; x_wconf 63' lang='lat' dir='ltr'><strong>mHaugustuldeusem,</strong></span> <span class='ocrx_word' id='word_1_67' title='bbox 702 1478 739 1534; x_wconf 89' lang='lat' dir='ltr'><strong>et</strong></span> <span class='ocrx_word' id='word_1_68' title='bbox 754 1470 790 1533; x_wconf 92' lang='lat' dir='ltr'><strong>iu</strong></span> <span class='ocrx_word' id='word_1_69' title='bbox 800 1469 931 1546; x_wconf 89' lang='lat' dir='ltr'><strong>eodem,</strong></span> <span class='ocrx_word' id='word_1_70' title='bbox 946 1470 1159 1552; x_wconf 85' lang='lat' dir='ltr'><strong>fugientibus</strong></span> <span class='ocrx_word' id='word_1_71' title='bbox 1171 1490 1280 1536; x_wconf 89' lang='lat' dir='ltr'><strong>cano·</strong></span> 
     </span>
     <span class='ocr_line' id='line_1_12' title="bbox 328 1569 1277 1653; baseline 0.003 -19"><span class='ocrx_word' id='word_1_72' title='bbox 328 1572 427 1648; x_wconf 88' lang='lat' dir='ltr'><strong>uicis,</strong></span> <span class='ocrx_word' id='word_1_73' title='bbox 448 1592 486 1635; x_wconf 86' lang='lat' dir='ltr'><strong>se</strong></span> <span class='ocrx_word' id='word_1_74' title='bbox 508 1579 633 1653; x_wconf 89' lang='lat' dir='ltr'><strong>quarto</strong></span> <span class='ocrx_word' id='word_1_75' title='bbox 655 1570 733 1633; x_wconf 90' lang='lat' dir='ltr'><strong>idus</strong></span> <span class='ocrx_word' id='word_1_76' title='bbox 751 1569 883 1652; x_wconf 74' lang='lat' dir='ltr'><strong>Aprilis</strong></span> <span class='ocrx_word' id='word_1_77' title='bbox 904 1580 1116 1653; x_wconf 87' lang='lat' dir='ltr'><strong>receperunt</strong></span> <span class='ocrx_word' id='word_1_78' title='bbox 1168 1572 1277 1637; x_wconf 80' lang='lat' dir='ltr'><strong>Mane</strong></span> 
     </span>
     <span class='ocr_line' id='line_1_13' title="bbox 328 1671 1276 1753; baseline 0.003 -18"><span class='ocrx_word' id='word_1_79' title='bbox 328 1691 410 1735; x_wconf 82' lang='lat' dir='ltr'><strong>sero</strong></span> <span class='ocrx_word' id='word_1_80' title='bbox 442 1672 546 1748; x_wconf 83' lang='lat' dir='ltr'><strong>facto,</strong></span> <span class='ocrx_word' id='word_1_81' title='bbox 575 1671 764 1753; x_wconf 88' lang='lat' dir='ltr'><strong>prioratum</strong></span> <span class='ocrx_word' id='word_1_82' title='bbox 792 1690 871 1734; x_wconf 91' lang='lat' dir='ltr'><strong>cum</strong></span> <span class='ocrx_word' id='word_1_83' title='bbox 898 1679 974 1735; x_wconf 92' lang='lat' dir='ltr'><strong>tota</strong></span> <span class='ocrx_word' id='word_1_84' title='bbox 1003 1671 1087 1735; x_wconf 87' lang='lat' dir='ltr'><strong>villa</strong></span> <span class='ocrx_word' id='word_1_85' title='bbox 1114 1673 1276 1738; x_wconf 84' lang='lat' dir='ltr'><strong>incendio</strong></span> 
     </span>
     <span class='ocr_line' id='line_1_14' title="bbox 328 1770 1277 1852; baseline 0.003 -18"><span class='ocrx_word' id='word_1_86' title='bbox 328 1771 541 1835; x_wconf 84' lang='lat' dir='ltr'><strong>destruxere.</strong></span> <span class='ocrx_word' id='word_1_87' title='bbox 593 1770 776 1852; x_wconf 76' lang='lat' dir='ltr'><strong>Progressi</strong></span> <span class='ocrx_word' id='word_1_88' title='bbox 804 1771 883 1835; x_wconf 91' lang='lat' dir='ltr'><strong>iude</strong></span> <span class='ocrx_word' id='word_1_89' title='bbox 912 1770 956 1835; x_wconf 90' lang='lat' dir='ltr'><strong>ad</strong></span> <span class='ocrx_word' id='word_1_90' title='bbox 978 1771 1116 1835; x_wconf 91' lang='lat' dir='ltr'><strong>domum</strong></span> <span class='ocrx_word' id='word_1_91' title='bbox 1146 1775 1277 1838; x_wconf 87' lang='lat' dir='ltr'><strong>monia·</strong></span> 
     </span>
     <span class='ocr_line' id='line_1_15' title="bbox 328 1865 1278 1956; baseline 0.003 -21"><span class='ocrx_word' id='word_1_92' title='bbox 328 1872 412 1935; x_wconf 89' lang='lat' dir='ltr'><strong>lium</strong></span> <span class='ocrx_word' id='word_1_93' title='bbox 428 1870 471 1935; x_wconf 88' lang='lat' dir='ltr'><strong>de</strong></span> <span class='ocrx_word' id='word_1_94' title='bbox 490 1871 668 1955; x_wconf 86' lang='lat' dir='ltr'><strong>Lamelay,</strong></span> <span class='ocrx_word' id='word_1_95' title='bbox 684 1865 929 1956; x_wconf 84' lang='lat' dir='ltr'><strong>⁴domibnsque</strong></span> <span class='ocrx_word' id='word_1_96' title='bbox 950 1873 1155 1956; x_wconf 91' lang='lat' dir='ltr'><strong>quibusdam</strong></span> <span class='ocrx_word' id='word_1_97' title='bbox 1175 1875 1278 1938; x_wconf 86' lang='lat' dir='ltr'><strong>salva</strong></span> 
     </span>
     <span class='ocr_line' id='line_1_16' title="bbox 328 1971 1277 2054; baseline 0.002 -18"><span class='ocrx_word' id='word_1_98' title='bbox 328 1971 474 2036; x_wconf 86' lang='lat' dir='ltr'><strong>ecclesia</strong></span> <span class='ocrx_word' id='word_1_99' title='bbox 493 1972 653 2049; x_wconf 87' lang='lat' dir='ltr'><strong>incensis,</strong></span> <span class='ocrx_word' id='word_1_100' title='bbox 675 1991 753 2035; x_wconf 90' lang='lat' dir='ltr'><strong>cum</strong></span> <span class='ocrx_word' id='word_1_101' title='bbox 772 1973 905 2054; x_wconf 83' lang='lat' dir='ltr'><strong>ingenti</strong></span> <span class='ocrx_word' id='word_1_102' title='bbox 926 1972 1044 2054; x_wconf 84' lang='lat' dir='ltr'><strong>praeda</strong></span> <span class='ocrx_word' id='word_1_103' title='bbox 1066 1974 1101 2036; x_wconf 90' lang='lat' dir='ltr'><strong>iu</strong></span> <span class='ocrx_word' id='word_1_104' title='bbox 1123 1973 1277 2038; x_wconf 89' lang='lat' dir='ltr'><strong>Scotiam</strong></span> 
     </span>
     <span class='ocr_line' id='line_1_17' title="bbox 330 2072 1275 2152; baseline 0.004 -17"><span class='ocrx_word' id='word_1_105' title='bbox 330 2081 560 2137; x_wconf 86' lang='lat' dir='ltr'><strong>revertuntur.</strong></span> <span class='ocrx_word' id='word_1_106' title='bbox 612 2072 799 2150; x_wconf 86' lang='lat' dir='ltr'><strong>Patricius,</strong></span> <span class='ocrx_word' id='word_1_107' title='bbox 827 2092 942 2137; x_wconf 89' lang='lat' dir='ltr'><strong>comes</strong></span> <span class='ocrx_word' id='word_1_108' title='bbox 968 2073 1011 2136; x_wconf 92' lang='lat' dir='ltr'><strong>de</strong></span> <span class='ocrx_word' id='word_1_109' title='bbox 1037 2072 1196 2152; x_wconf 90' lang='lat' dir='ltr'><strong>Duubar,</strong></span> <span class='ocrx_word' id='word_1_110' title='bbox 1229 2075 1275 2139; x_wconf 87' lang='lat' dir='ltr'><strong>ad</strong></span> 
     </span>
     <span class='ocr_line' id='line_1_18' title="bbox 329 2173 1277 2256; baseline 0.004 -21"><span class='ocrx_word' id='word_1_111' title='bbox 329 2192 444 2256; x_wconf 81' lang='lat' dir='ltr'><strong>regem</strong></span> <span class='ocrx_word' id='word_1_112' title='bbox 468 2173 609 2255; x_wconf 80' lang='lat' dir='ltr'><strong>Angliae</strong></span> <span class='ocrx_word' id='word_1_113' title='bbox 631 2174 784 2251; x_wconf 80' lang='lat' dir='ltr'><strong>veniens,</strong></span> <span class='ocrx_word' id='word_1_114' title='bbox 809 2193 847 2236; x_wconf 87' lang='lat' dir='ltr'><strong>se</strong></span> <span class='ocrx_word' id='word_1_115' title='bbox 868 2173 978 2237; x_wconf 88' lang='lat' dir='ltr'><strong>eidem</strong></span> <span class='ocrx_word' id='word_1_116' title='bbox 1001 2193 1079 2238; x_wconf 92' lang='lat' dir='ltr'><strong>cum</strong></span> <span class='ocrx_word' id='word_1_117' title='bbox 1106 2183 1181 2240; x_wconf 89' lang='lat' dir='ltr'><strong>tota</strong></span> <span class='ocrx_word' id='word_1_118' title='bbox 1211 2195 1277 2239; x_wconf 87' lang='lat' dir='ltr'><strong>sua</strong></span> 
     </span>
    </p>

    <p class='ocr_par' dir='ltr' id='par_1_5' title="bbox 232 2273 1278 2541">
     <span class='ocr_line' id='line_1_19' title="bbox 232 2273 1278 2357; baseline 0.006 -24"><span class='ocrx_word' id='word_1_119' title='bbox 232 2305 242 2334; x_wconf 62' lang='lat' dir='ltr'><strong>r</strong></span> <span class='ocrx_word' id='word_1_120' title='bbox 281 2305 317 2334; x_wconf 76' lang='lat' dir='ltr'><strong>m</strong></span> <span class='ocrx_word' id='word_1_121' title='bbox 329 2273 482 2338; x_wconf 88' lang='lat' dir='ltr'><strong>subdidit</strong></span> <span class='ocrx_word' id='word_1_122' title='bbox 497 2283 682 2357; x_wconf 81' lang='lat' dir='ltr'><strong>potestate.</strong></span> <span class='ocrx_word' id='word_1_123' title='bbox 734 2273 896 2338; x_wconf 85' lang='lat' dir='ltr'><strong>Castrum</strong></span> <span class='ocrx_word' id='word_1_124' title='bbox 916 2273 960 2338; x_wconf 86' lang='lat' dir='ltr'><strong>de</strong></span> <span class='ocrx_word' id='word_1_125' title='bbox 975 2274 1122 2338; x_wconf 87' lang='lat' dir='ltr'><strong>Dunbar</strong></span> <span class='ocrx_word' id='word_1_126' title='bbox 1136 2276 1172 2337; x_wconf 88' lang='lat' dir='ltr'><strong>in</strong></span> <span class='ocrx_word' id='word_1_127' title='bbox 1187 2274 1278 2339; x_wconf 73' lang='lat' dir='ltr'><strong>festo</strong></span> 
     </span>
     <span class='ocr_line' id='line_1_20' title="bbox 257 2373 1277 2458; baseline 0.001 -20"><span class='ocrx_word' id='word_1_128' title='bbox 257 2374 263 2385; x_wconf 84' lang='lat'><em>&#39;</em></span> <span class='ocrx_word' id='word_1_129' title='bbox 330 2375 366 2451; x_wconf 76' lang='lat' dir='ltr'><strong>S.</strong></span> <span class='ocrx_word' id='word_1_130' title='bbox 401 2374 583 2439; x_wconf 87' lang='lat' dir='ltr'><strong>Michaelis</strong></span> <span class='ocrx_word' id='word_1_131' title='bbox 615 2375 793 2438; x_wconf 86' lang='lat' dir='ltr'><strong>obsessum</strong></span> <span class='ocrx_word' id='word_1_132' title='bbox 828 2393 850 2438; x_wconf 85' lang='lat' dir='ltr'><strong>a</strong></span> <span class='ocrx_word' id='word_1_133' title='bbox 884 2373 1010 2451; x_wconf 90' lang='lat' dir='ltr'><strong>Scotis,</strong></span> <span class='ocrx_word' id='word_1_134' title='bbox 1039 2374 1159 2438; x_wconf 90' lang='lat' dir='ltr'><strong>fraude</strong></span> <span class='ocrx_word' id='word_1_135' title='bbox 1189 2395 1277 2458; x_wconf 91' lang='lat' dir='ltr'><strong>quo·</strong></span> 
     </span>
     <span class='ocr_line' id='line_1_21' title="bbox 330 2475 1275 2541; baseline 0.001 -2"><span class='ocrx_word' id='word_1_136' title='bbox 330 2475 483 2540; x_wconf 87' lang='lat' dir='ltr'><strong>rumdam</strong></span> <span class='ocrx_word' id='word_1_137' title='bbox 502 2476 538 2538; x_wconf 92' lang='lat' dir='ltr'><strong>in</strong></span> <span class='ocrx_word' id='word_1_138' title='bbox 556 2495 597 2540; x_wconf 91' lang='lat' dir='ltr'><strong>eo</strong></span> <span class='ocrx_word' id='word_1_139' title='bbox 617 2476 839 2538; x_wconf 82' lang='lat' dir='ltr'><strong>existentium</strong></span> <span class='ocrx_word' id='word_1_140' title='bbox 856 2475 1026 2539; x_wconf 84' lang='lat' dir='ltr'><strong>redditum</strong></span> <span class='ocrx_word' id='word_1_141' title='bbox 1048 2484 1103 2538; x_wconf 91' lang='lat' dir='ltr'><strong>est</strong></span> <span class='ocrx_word' id='word_1_142' title='bbox 1125 2476 1275 2541; x_wconf 85' lang='lat' dir='ltr'><strong>eisdem:</strong></span> 
     </span>
    </p>

    <p class='ocr_par' dir='ltr' id='par_1_6' title="bbox 330 2575 1278 3061">
     <span class='ocr_line' id='line_1_22' title="bbox 330 2575 1277 2660; baseline 0.002 -22"><span class='ocrx_word' id='word_1_143' title='bbox 330 2595 392 2658; x_wconf 88' lang='lat' dir='ltr'><strong>pro</strong></span> <span class='ocrx_word' id='word_1_144' title='bbox 419 2596 489 2660; x_wconf 92' lang='lat' dir='ltr'><strong>quo</strong></span> <span class='ocrx_word' id='word_1_145' title='bbox 516 2575 751 2658; x_wconf 86' lang='lat' dir='ltr'><strong>recuperando</strong></span> <span class='ocrx_word' id='word_1_146' title='bbox 776 2575 870 2639; x_wconf 86' lang='lat' dir='ltr'><strong>misit</strong></span> <span class='ocrx_word' id='word_1_147' title='bbox 899 2596 963 2639; x_wconf 85' lang='lat' dir='ltr'><strong>rex</strong></span> <span class='ocrx_word' id='word_1_148' title='bbox 994 2575 1165 2639; x_wconf 88' lang='lat' dir='ltr'><strong>Joanuem</strong></span> <span class='ocrx_word' id='word_1_149' title='bbox 1192 2576 1277 2640; x_wconf 89' lang='lat' dir='ltr'><strong>Sur·</strong></span> 
     </span>
     <span class='ocr_line' id='line_1_23' title="bbox 331 2675 1278 2754; baseline 0.002 -15"><span class='ocrx_word' id='word_1_150' title='bbox 331 2678 410 2741; x_wconf 84' lang='lat' dir='ltr'><strong>reiae</strong></span> <span class='ocrx_word' id='word_1_151' title='bbox 433 2685 468 2740; x_wconf 89' lang='lat' dir='ltr'><strong>et</strong></span> <span class='ocrx_word' id='word_1_152' title='bbox 490 2675 702 2740; x_wconf 86' lang='lat' dir='ltr'><strong>Willelmum</strong></span> <span class='ocrx_word' id='word_1_153' title='bbox 723 2675 909 2740; x_wconf 86' lang='lat' dir='ltr'><strong>Warewici</strong></span> <span class='ocrx_word' id='word_1_154' title='bbox 931 2677 1086 2754; x_wconf 86' lang='lat' dir='ltr'><strong>comites,</strong></span> <span class='ocrx_word' id='word_1_155' title='bbox 1112 2695 1190 2740; x_wconf 90' lang='lat' dir='ltr'><strong>cum</strong></span> <span class='ocrx_word' id='word_1_156' title='bbox 1213 2679 1278 2741; x_wconf 92' lang='lat' dir='ltr'><strong>mi·</strong></span> 
     </span>
     <span class='ocr_line' id='line_1_24' title="bbox 330 2775 1277 2859; baseline 0.003 -20"><span class='ocrx_word' id='word_1_157' title='bbox 330 2777 406 2842; x_wconf 90' lang='lat' dir='ltr'><strong>litia</strong></span> <span class='ocrx_word' id='word_1_158' title='bbox 427 2796 555 2859; x_wconf 79' lang='lat' dir='ltr'><strong>magua</strong></span> <span class='ocrx_word' id='word_1_159' title='bbox 580 2776 692 2840; x_wconf 87' lang='lat' dir='ltr'><strong>valde.</strong></span> <span class='ocrx_word' id='word_1_160' title='bbox 758 2775 895 2854; x_wconf 90' lang='lat' dir='ltr'><strong>Quibus</strong></span> <span class='ocrx_word' id='word_1_161' title='bbox 918 2775 1163 2859; x_wconf 83' lang='lat' dir='ltr'><strong>superveniens</strong></span> <span class='ocrx_word' id='word_1_162' title='bbox 1193 2777 1277 2842; x_wconf 89' lang='lat' dir='ltr'><strong>Sco-</strong></span> 
     </span>
     <span class='ocr_line' id='line_1_25' title="bbox 259 2877 1278 2956; baseline -0.001 -13.924"><span class='ocrx_word' id='word_1_163' title='bbox 259 2887 443 2942; x_wconf 70' lang='lat' dir='ltr'><strong>usotorum</strong></span> <span class='ocrx_word' id='word_1_164' title='bbox 477 2878 662 2953; x_wconf 85' lang='lat' dir='ltr'><strong>exercitus,</strong></span> <span class='ocrx_word' id='word_1_165' title='bbox 695 2884 734 2940; x_wconf 91' lang='lat' dir='ltr'><strong>ut</strong></span> <span class='ocrx_word' id='word_1_166' title='bbox 768 2878 919 2941; x_wconf 87' lang='lat' dir='ltr'><strong>obsessis</strong></span> <span class='ocrx_word' id='word_1_167' title='bbox 954 2877 1059 2940; x_wconf 84' lang='lat' dir='ltr'><strong>ferret</strong></span> <span class='ocrx_word' id='word_1_168' title='bbox 1094 2878 1278 2956; x_wconf 85' lang='lat' dir='ltr'><strong>auxilium,</strong></span> 
     </span>
     <span class='ocr_line' id='line_1_26' title="bbox 274 2973 1278 3061; baseline 0 -18"><span class='ocrx_word' id='word_1_169' title='bbox 274 2979 503 3061; x_wconf 86' lang='lat' dir='ltr'><strong>&#39;excipitur</strong></span> <span class='ocrx_word' id='word_1_170' title='bbox 528 2996 645 3060; x_wconf 84' lang='lat' dir='ltr'><strong>pugna</strong></span> <span class='ocrx_word' id='word_1_171' title='bbox 669 2976 770 3040; x_wconf 88' lang='lat' dir='ltr'><strong>dura:</strong></span> <span class='ocrx_word' id='word_1_172' title='bbox 798 2973 1025 3059; x_wconf 79' lang='lat' dir='ltr'><strong>⁵fugientibus</strong></span> <span class='ocrx_word' id='word_1_173' title='bbox 1043 2977 1180 3041; x_wconf 89' lang='lat' dir='ltr'><strong>tandem</strong></span> <span class='ocrx_word' id='word_1_174' title='bbox 1197 2980 1278 3043; x_wconf 94' lang='lat' dir='ltr'><strong>Sco-</strong></span> 
     </span>
    </p>

    <p class='ocr_par' dir='ltr' id='par_1_7' title="bbox 330 3076 1278 3361">
     <span class='ocr_line' id='line_1_27' title="bbox 331 3076 1278 3161; baseline 0.001 -19"><span class='ocrx_word' id='word_1_175' title='bbox 331 3079 375 3142; x_wconf 87' lang='lat' dir='ltr'><strong>tis</strong></span> <span class='ocrx_word' id='word_1_176' title='bbox 404 3079 633 3160; x_wconf 90' lang='lat' dir='ltr'><strong>insequuntur</strong></span> <span class='ocrx_word' id='word_1_177' title='bbox 658 3076 798 3159; x_wconf 75' lang='lat' dir='ltr'><strong>Anglici</strong></span> <span class='ocrx_word' id='word_1_178' title='bbox 822 3098 884 3161; x_wconf 84' lang='lat' dir='ltr'><strong>per</strong></span> <span class='ocrx_word' id='word_1_179' title='bbox 904 3086 984 3141; x_wconf 90' lang='lat' dir='ltr'><strong>octo</strong></span> <span class='ocrx_word' id='word_1_180' title='bbox 1007 3077 1168 3142; x_wconf 88' lang='lat' dir='ltr'><strong>milliaria</strong></span> <span class='ocrx_word' id='word_1_181' title='bbox 1194 3079 1278 3157; x_wconf 85' lang='lat' dir='ltr'><strong>fere,</strong></span> 
     </span>
     <span class='ocr_line' id='line_1_28' title="bbox 331 3172 1278 3261; baseline 0.001 -19"><span class='ocrx_word' id='word_1_182' title='bbox 331 3177 500 3261; x_wconf 88' lang='lat' dir='ltr'><strong>usquead</strong></span> <span class='ocrx_word' id='word_1_183' title='bbox 522 3177 681 3242; x_wconf 79' lang='lat' dir='ltr'><strong>forestam</strong></span> <span class='ocrx_word' id='word_1_184' title='bbox 700 3177 743 3242; x_wconf 93' lang='lat' dir='ltr'><strong>de</strong></span> <span class='ocrx_word' id='word_1_185' title='bbox 758 3172 943 3255; x_wconf 84' lang='lat' dir='ltr'><strong>⁶Selelark,</strong></span> <span class='ocrx_word' id='word_1_186' title='bbox 964 3187 1116 3260; x_wconf 83' lang='lat' dir='ltr'><strong>stragem</strong></span> <span class='ocrx_word' id='word_1_187' title='bbox 1137 3180 1278 3244; x_wconf 86' lang='lat' dir='ltr'><strong>nimiam</strong></span> 
     </span>
     <span class='ocr_line' id='line_1_29' title="bbox 330 3278 1277 3361; baseline 0.002 -19"><span class='ocrx_word' id='word_1_188' title='bbox 330 3281 545 3361; x_wconf 83' lang='lat' dir='ltr'><strong>ingerentes3</strong></span> <span class='ocrx_word' id='word_1_189' title='bbox 570 3279 622 3342; x_wconf 89' lang='lat' dir='ltr'><strong>ita</strong></span> <span class='ocrx_word' id='word_1_190' title='bbox 649 3287 688 3343; x_wconf 91' lang='lat' dir='ltr'><strong>ut</strong></span> <span class='ocrx_word' id='word_1_191' title='bbox 713 3298 881 3343; x_wconf 81' lang='lat' dir='ltr'><strong>caesorum</strong></span> <span class='ocrx_word' id='word_1_192' title='bbox 905 3297 1066 3343; x_wconf 88' lang='lat' dir='ltr'><strong>numerus</strong></span> <span class='ocrx_word' id='word_1_193' title='bbox 1091 3278 1136 3343; x_wconf 86' lang='lat' dir='ltr'><strong>ad</strong></span> <span class='ocrx_word' id='word_1_194' title='bbox 1159 3279 1277 3344; x_wconf 88' lang='lat' dir='ltr'><strong>decem</strong></span> 
     </span>
    </p>
   </div>
   <div class='ocr_carea' id='block_1_5' title="bbox 330 3378 1278 3445">
    <p class='ocr_par' dir='ltr' id='par_1_8' title="bbox 330 3378 1278 3445">
     <span class='ocr_line' id='line_1_30' title="bbox 330 3378 1278 3445; baseline 0.003 -3"><span class='ocrx_word' id='word_1_195' title='bbox 330 3378 438 3443; x_wconf 89' lang='lat' dir='ltr'><strong>millia</strong></span> <span class='ocrx_word' id='word_1_196' title='bbox 477 3378 651 3443; x_wconf 90' lang='lat' dir='ltr'><strong>hominum</strong></span> <span class='ocrx_word' id='word_1_197' title='bbox 690 3379 794 3443; x_wconf 84' lang='lat' dir='ltr'><strong>fuerit</strong></span> <span class='ocrx_word' id='word_1_198' title='bbox 833 3380 1035 3443; x_wconf 73' lang='lat' dir='ltr'><strong>aestimatus.</strong></span> <span class='ocrx_word' id='word_1_199' title='bbox 1125 3379 1278 3445; x_wconf 86' lang='lat' dir='ltr'><strong>Sabbato</strong></span> 
     </span>
    </p>
   </div>
   <div class='ocr_carea' id='block_1_6' title="bbox 329 3590 1282 4294">
    <p class='ocr_par' dir='ltr' id='par_1_9' title="bbox 329 3590 1282 4294">
     <span class='ocr_line' id='line_1_31' title="bbox 365 3590 1281 3658; baseline -0.001 -11"><span class='ocrx_word' id='word_1_200' title='bbox 365 3596 372 3628; x_wconf 93' lang='lat'><strong>¹</strong></span> <span class='ocrx_word' id='word_1_201' title='bbox 390 3600 443 3647; x_wconf 83' lang='lat' dir='ltr'><strong>‘Et</strong></span> <span class='ocrx_word' id='word_1_202' title='bbox 451 3598 499 3647; x_wconf 81' lang='lat' dir='ltr'><strong>tuit</strong></span> <span class='ocrx_word' id='word_1_203' title='bbox 508 3599 558 3646; x_wconf 87' lang='lat' dir='ltr'><strong>ista</strong></span> <span class='ocrx_word' id='word_1_204' title='bbox 566 3598 640 3646; x_wconf 80' lang='lat' dir='ltr'><strong>litera</strong></span> <span class='ocrx_word' id='word_1_205' title='bbox 648 3597 702 3645; x_wconf 86' lang='lat' dir='ltr'><strong>siue</strong></span> <span class='ocrx_word' id='word_1_206' title='bbox 709 3596 771 3646; x_wconf 85' lang='lat' dir='ltr'><strong>data</strong></span> <span class='ocrx_word' id='word_1_207' title='bbox 779 3590 793 3656; x_wconf 89' lang='lat'><strong>;‘</strong></span> <span class='ocrx_word' id='word_1_208' title='bbox 818 3609 884 3657; x_wconf 87' lang='lat' dir='ltr'><strong>mus,</strong></span> <span class='ocrx_word' id='word_1_209' title='bbox 899 3601 925 3644; x_wconf 85' lang='lat' dir='ltr'><strong>et</strong></span> <span class='ocrx_word' id='word_1_210' title='bbox 940 3595 1067 3657; x_wconf 89' lang='lat' dir='ltr'><strong>quondam</strong></span> <span class='ocrx_word' id='word_1_211' title='bbox 1083 3595 1161 3643; x_wconf 89' lang='lat' dir='ltr'><strong>totius</strong></span> <span class='ocrx_word' id='word_1_212' title='bbox 1178 3595 1281 3658; x_wconf 82' lang='lat' dir='ltr'><strong>Sentias,</strong></span> 
     </span>
     <span class='ocr_line' id='line_1_32' title="bbox 330 3665 1282 3731; baseline -0.004 -12"><span class='ocrx_word' id='word_1_213' title='bbox 330 3670 406 3719; x_wconf 83' lang='lat' dir='ltr'><strong>Hom.</strong></span> <span class='ocrx_word' id='word_1_214' title='bbox 437 3673 488 3731; x_wconf 69' lang='lat'><strong>9³,</strong></span> <span class='ocrx_word' id='word_1_215' title='bbox 516 3669 567 3717; x_wconf 89' lang='lat' dir='ltr'><strong>and</strong></span> <span class='ocrx_word' id='word_1_216' title='bbox 597 3668 737 3730; x_wconf 79' lang='lat' dir='ltr'><strong>Knigbton,</strong></span> <span class='ocrx_word' id='word_1_217' title='bbox 766 3673 794 3716; x_wconf 91' lang='lat' dir='ltr'><strong>nt</strong></span> <span class='ocrx_word' id='word_1_218' title='bbox 819 3666 958 3714; x_wconf 86' lang='lat' dir='ltr'><strong>beatissimi</strong></span> <span class='ocrx_word' id='word_1_219' title='bbox 972 3665 1191 3715; x_wconf 80' lang='lat' dir='ltr'><strong>scilicetAndreae</strong></span> <span class='ocrx_word' id='word_1_220' title='bbox 1207 3681 1282 3728; x_wconf 86' lang='lat' dir='ltr'><strong>apos·</strong></span> 
     </span>
     <span class='ocr_line' id='line_1_33' title="bbox 329 3736 1281 3869; baseline -0.002 -11"><span class='ocrx_word' id='word_1_221' title='bbox 329 3756 610 3868; x_wconf 58' lang='lat' dir='ltr'><strong>⁸1¹1²’r‘aitedeworthe3&#39;</strong></span> <span class='ocrx_word' id='word_1_222' title='bbox 639 3808 699 3857; x_wconf 84' lang='lat' dir='ltr'><strong>Cod.</strong></span> <span class='ocrx_word' id='word_1_223' title='bbox 728 3805 793 3869; x_wconf 80' lang='lat' dir='ltr'><strong>Reg.</strong></span> <span class='ocrx_word' id='word_1_224' title='bbox 818 3737 953 3868; x_wconf 44' lang='lat' dir='ltr'><strong>{sociam</strong></span> <span class='ocrx_word' id='word_1_225' title='bbox 965 3736 1281 3869; x_wconf 44' lang='grc' dir='ltr'><strong>ξὲἓῖξῃδὶῐίἒὶιὲᾝὲῑιῗ</strong></span> 
     </span>
     <span class='ocr_line' id='line_1_34' title="bbox 330 3873 1279 3939; baseline -0.002 -10"><span class='ocrx_word' id='word_1_226' title='bbox 330 3880 472 3930; x_wconf 76' lang='lat' dir='ltr'><strong>Jedworth,</strong></span> <span class='ocrx_word' id='word_1_227' title='bbox 816 3882 859 3926; x_wconf 91' lang='lat' dir='ltr'><strong>tus</strong></span> <span class='ocrx_word' id='word_1_228' title='bbox 883 3878 1011 3926; x_wconf 86' lang='lat' dir='ltr'><strong>nominare</strong></span> <span class='ocrx_word' id='word_1_229' title='bbox 1034 3878 1148 3927; x_wconf 81' lang='lat' dir='ltr'><strong>solebant</strong></span> <span class='ocrx_word' id='word_1_230' title='bbox 1156 3873 1174 3939; x_wconf 69' lang='grc' dir='ltr'><strong>ς’</strong></span> <span class='ocrx_word' id='word_1_231' title='bbox 1201 3878 1279 3928; x_wconf 87' lang='lat' dir='ltr'><strong>Hem.</strong></span> 
     </span>
     <span class='ocr_line' id='line_1_35' title="bbox 364 3948 857 4011; baseline -0.004 -12"><span class='ocrx_word' id='word_1_232' title='bbox 364 3949 489 4011; x_wconf 66' lang='lat' dir='ltr'><strong>”usqua</strong></span> <span class='ocrx_word' id='word_1_233' title='bbox 515 3949 548 3998; x_wconf 86' lang='lat' dir='ltr'><strong>ad</strong></span> <span class='ocrx_word' id='word_1_234' title='bbox 575 3948 712 4010; x_wconf 83' lang='lat' dir='ltr'><strong>prioratum</strong></span> <span class='ocrx_word' id='word_1_235' title='bbox 735 3962 792 3997; x_wconf 89' lang='lat' dir='ltr'><strong>cum</strong></span> <span class='ocrx_word' id='word_1_236' title='bbox 817 3951 857 3997; x_wconf 71' lang='lat'><strong>94.</strong></span> 
     </span>
     <span class='ocr_line' id='line_1_36' title="bbox 329 4013 1280 4080; baseline 0.001 -13"><span class='ocrx_word' id='word_1_237' title='bbox 329 4025 381 4071; x_wconf 81' lang='lat' dir='ltr'><strong>totu</strong></span> <span class='ocrx_word' id='word_1_238' title='bbox 393 4021 454 4069; x_wconf 85' lang='lat' dir='ltr'><strong>villa</strong></span> <span class='ocrx_word' id='word_1_239' title='bbox 465 4020 644 4068; x_wconf 83' lang='lat' dir='ltr'><strong>destruxerunt</strong></span> <span class='ocrx_word' id='word_1_240' title='bbox 653 4013 667 4078; x_wconf 87' lang='lat'><strong>;&#39;</strong></span> <span class='ocrx_word' id='word_1_241' title='bbox 680 4021 792 4069; x_wconf 64' lang='lat' dir='ltr'><strong>dnm.</strong></span> <span class='ocrx_word' id='word_1_242' title='bbox 853 4018 862 4047; x_wconf 89' lang='lat'><strong>⁴</strong></span> <span class='ocrx_word' id='word_1_243' title='bbox 879 4017 1013 4067; x_wconf 87' lang='lat' dir='ltr'><strong>‘domibus</strong></span> <span class='ocrx_word' id='word_1_244' title='bbox 1035 4017 1187 4079; x_wconf 87' lang='lat' dir='ltr'><strong>quibusdam</strong></span> <span class='ocrx_word' id='word_1_245' title='bbox 1198 4014 1218 4080; x_wconf 69' lang='grc' dir='ltr'><strong>ς’</strong></span> <span class='ocrx_word' id='word_1_246' title='bbox 1241 4019 1280 4069; x_wconf 84' lang='grc' dir='ltr'><strong>Μ.</strong></span> 
     </span>
     <span class='ocr_line' id='line_1_37' title="bbox 356 4088 900 4154; baseline -0.004 -14"><span class='ocrx_word' id='word_1_247' title='bbox 356 4092 429 4142; x_wconf 70' lang='lat' dir='ltr'><strong>tbtiti</strong></span> <span class='ocrx_word' id='word_1_248' title='bbox 442 4106 550 4151; x_wconf 86' lang='lat' dir='ltr'><strong>namque</strong></span> <span class='ocrx_word' id='word_1_249' title='bbox 563 4094 622 4138; x_wconf 86' lang='lat' dir='ltr'><strong>suut</strong></span> <span class='ocrx_word' id='word_1_250' title='bbox 632 4088 736 4154; x_wconf 78' lang='lat' dir='ltr'><strong>(scoti),</strong></span> <span class='ocrx_word' id='word_1_251' title='bbox 747 4089 792 4137; x_wconf 92' lang='lat' dir='ltr'><strong>im·</strong></span> <span class='ocrx_word' id='word_1_252' title='bbox 816 4094 840 4138; x_wconf 85' lang='lat' dir='ltr'><strong>et</strong></span> <span class='ocrx_word' id='word_1_253' title='bbox 852 4089 900 4138; x_wconf 74' lang='lat' dir='ltr'><strong>Ar.</strong></span> 
     </span>
     <span class='ocr_line' id='line_1_38' title="bbox 404 4153 1243 4222; baseline -0.005 -12"><span class='ocrx_word' id='word_1_254' title='bbox 404 4166 617 4222; x_wconf 82' lang='lat' dir='ltr'><strong>contempserunt,</strong></span> <span class='ocrx_word' id='word_1_255' title='bbox 649 4160 792 4208; x_wconf 85' lang='lat' dir='ltr'><strong>memoriam</strong></span> <span class='ocrx_word' id='word_1_256' title='bbox 853 4158 864 4187; x_wconf 76' lang='lat'>⁸</span> <span class='ocrx_word' id='word_1_257' title='bbox 879 4158 1074 4221; x_wconf 78' lang='lat' dir='ltr'><strong>‘effugientibus</strong></span> <span class='ocrx_word' id='word_1_258' title='bbox 1084 4153 1099 4219; x_wconf 83' lang='lat'><strong>;’</strong></span> <span class='ocrx_word' id='word_1_259' title='bbox 1111 4159 1150 4209; x_wconf 78' lang='lat' dir='ltr'><strong>M.</strong></span> <span class='ocrx_word' id='word_1_260' title='bbox 1161 4162 1185 4207; x_wconf 83' lang='lat' dir='ltr'><strong>et</strong></span> <span class='ocrx_word' id='word_1_261' title='bbox 1196 4157 1243 4207; x_wconf 78' lang='lat' dir='ltr'><strong>Ar.</strong></span> 
     </span>
     <span class='ocr_line' id='line_1_39' title="bbox 404 4227 1056 4294; baseline -0.008 -11"><span class='ocrx_word' id='word_1_262' title='bbox 404 4233 463 4283; x_wconf 80' lang='lat' dir='ltr'><strong>cudi</strong></span> <span class='ocrx_word' id='word_1_263' title='bbox 492 4232 590 4294; x_wconf 86' lang='lat' dir='ltr'><strong>patroni</strong></span> <span class='ocrx_word' id='word_1_264' title='bbox 613 4230 725 4293; x_wconf 82' lang='lat' dir='ltr'><strong>ejusdem</strong></span> <span class='ocrx_word' id='word_1_265' title='bbox 749 4230 794 4279; x_wconf 90' lang='lat' dir='ltr'><strong>do·</strong></span> <span class='ocrx_word' id='word_1_266' title='bbox 852 4227 1056 4280; x_wconf 78' lang='lat' dir='ltr'><strong>⁶i.e.Seikirk.</strong></span> 
     </span>
    </p>
   </div>
   <div class='ocr_carea' id='block_1_7' title="bbox 0 0 1455 4860">
    <p class='ocr_par' dir='ltr' id='par_1_10' title="bbox 0 0 1455 4860">
     <span class='ocr_line' id='line_1_40' title="bbox 0 0 1455 4860; baseline 0 0"><span class='ocrx_word' id='word_1_267' title='bbox 0 0 1455 4860; x_wconf 95' lang='lat' dir='ltr'><strong> </strong></span> 
     </span>
    </p>
   </div>
  </div>
 </body>
</html>
