2896 4860
326 381 392 447 300
687 400 759 448 nrc.
782 398 930 445 'rnrvnrr

328 568 559 623 consecratus.
607 559 678 623 Hic
707 557 851 622 Parisiis
875 556 909 620 in
932 556 1108 638 theologia
1127 562 1281 632 rexerat,

328 668 364 723 et
393 659 541 724 Oxoniae
571 659 736 724 lectiones
765 676 847 722 suas
870 663 1118 740 resumpserat3
1156 656 1280 721 deinde

329 761 485 824 minister
511 760 733 842 provincialis
761 757 913 840 Angliae,
938 776 979 822 ac
1006 758 1143 821 tandem
1171 757 1280 822 lector

329 859 450 942 palatii
467 862 503 923 in
521 861 680 924 Romana
697 860 794 924 curia
810 859 923 922 sactus
946 858 1034 922 suit:
1067 857 1125 942 qui
1148 857 1278 921 ordinis

329 960 383 1023 sui
414 961 544 1026 zelator
565 969 641 1025 crat
671 960 878 1044 praecipuuS,
907 959 1098 1023 carminum
1130 957 1280 1023 dictator

329 1061 502 1142 egregiae,
534 1068 654 1142 gestus
697 1060 891 1143 affatusque
920 1058 1121 1142 pompatici,
1152 1060 1278 1122 mentis

330 1152 491 1243 ¹[tamen]
509 1161 679 1243 benignae,
706 1169 741 1226 et
767 1160 872 1223 animi
900 1159 1083 1223 admodum
1115 1157 1278 1223 liberalis.

166 1275 241 1336 Anew
331 1259 474 1325 Moneta
497 1261 648 1342 Angliae,
666 1282 728 1345 per
745 1269 922 1325 tonsuram
938 1259 1039 1322 nimis
1056 1258 1278 1338 deteriorata,

166 1337 260 1376 ‘mum'
329 1379 373 1423 ex
389 1361 553 1425 mandato
569 1363 660 1444 regis
678 1368 877 1437 renovatur,
892 1359 1082 1442 obolusque
1098 1359 1158 1441 qui
1181 1359 1278 1442 prius

329 1460 473 1524 sormam
501 1462 705 1526 semicirculi
736 1461 897 1537 habebat,
922 1467 1088 1542 tanquam
1116 1478 1198 1542 pars
1220 1459 1280 1524 de-

329 1561 417 1624 narii
442 1563 477 1626 in
505 1563 618 1626 medio
646 1563 760 1639 divisi,
784 1561 824 1626 fit
854 1560 1035 1637 rotundus,
1054 1561 1160 1643 juxta
1188 1561 1279 1624 vati·

328 1662 455 1724 cinium
480 1661 621 1726 Merlini
643 1662 801 1739 dicentis,
825 1661 1016 1725 ‘Findetur
1050 1660 1160 1724 sorma
1182 1679 1277 1724 com·

328 1762 458 1838 mercii,
476 1762 654 1826 dimidium
673 1761 858 1827 rotundum
875 1761 963 1828 orit!
1009 1760 1161 1824 illustris
1179 1760 1278 1824 miles

328 1861 489 1944 Rogerus
522 1863 564 1927 de
593 1863 838 1927 Mortuo-mari
872 1861 963 1944 apud
994 1854 1278 1944 ²Kelingworthe

327 1961 444 2024 ludum
496 1963 690 2040 militarem,
741 1983 842 2045 quem
893 1961 1032 2026 vocavit
1077 1960 1277 2026 Rotundum

326 2062 509 2140 Tabulam,
549 2072 684 2128 centum
725 2064 872 2128 militum
904 2081 946 2126 ac
977 2055 1137 2126 ³t0tidem
1168 2061 1280 2126 domi·

326 2182 447 2226 narum
473 2164 682 2242 constituit;
719 2164 761 2227 ad
784 2157 906 2245 ⁴quam
935 2182 997 2245 pro
1020 2181 1191 2225 armorum
1214 2181 1279 2226 ex·

326 2264 445 2327 ercitio
466 2265 508 2328 de
530 2264 677 2328 diversis
698 2265 814 2346 regnis
833 2261 1001 2327 confluxit
1024 2262 1147 2326 militia
1167 2262 1280 2327 multa

329 2364 443 2427 nimis.

382 2464 505 2529 Frater
534 2464 721 2542 Robertus,
751 2465 826 2549 jam
856 2465 1038 2548 episcopus
1062 2464 1278 2540 Portuensis,

329 2572 407 2647 post
439 2565 623 2630 adventum
654 2586 755 2630 suum
784 2566 828 2631 ad
852 2567 981 2630 curiam
1008 2564 1161 2646 graviter
1182 2564 1278 2627 infir·

328 2674 456 2742 matuS,
479 2674 558 2747 post
575 2686 705 2749 paucos
728 2666 800 2730 dies
826 2667 861 2730 in
885 2666 1034 2729 Domino
1057 2665 1277 2730 obdormivit.

331 2764 454 2830 Frater
470 2765 494 2830 J
497 2785 625 2832 oannes
650 2767 692 2830 de
712 2766 955 2848 Derlingtona,
978 2766 1154 2830 confessor
1172 2783 1279 2847 quon·

328 2866 406 2929 dam
437 2866 579 2930 Henrici
604 2868 708 2949 regis,
733 2886 777 2930 ox
795 2867 978 2931 collatione
1003 2866 1118 2949 papali
1133 2863 1280 2930 efficitur

328 2966 604 3050 archiepiscopus
635 2967 873 3044 DublinensiS,
903 2968 961 3049 qui
985 2966 1135 3031 nondum
1158 2985 1180 3030 a
1208 2965 1279 3029 col·

328 3065 474 3130 lectione
491 3066 698 3131 decimarum
716 3086 779 3150 per
803 3087 974 3130 summum
998 3065 1194 3150 pontificem
1212 3065 1280 3129 sibi

328 3166 491 3248 imposita
514 3168 669 3232 totaliter
701 3168 898 3250 expeditus,
925 3187 986 3250 per
1008 3185 1116 3231 annos
1143 3166 1279 3248 aliquot

328 3267 363 3329 in
393 3265 522 3348 Anglia
544 3287 676 3332 moram
709 3269 828 3332 traxit.
882 3267 978 3332 Obiit
1000 3267 1179 3332 Walterus
1203 3264 1281 3330 Gis-

328 3366 415 3443 sard,
442 3367 720 3452 archiepiscopus
744 3367 993 3432 Eboracensis:
1029 3368 1084 3432 cui
1112 3367 1280 3430 successit

328 3468 493 3548 magister
519 3468 715 3532 Willelmus
745 3468 787 3532 de
813 3467 1030 3545 Wikewane,
1053 3467 1088 3531 in
1119 3467 1281 3531 Romana

329 3569 425 3631 curia
458 3577 688 3632 consecratus.
764 3568 860 3632 Obiit
890 3569 995 3633 etiam
1030 3566 1202 3632 Ricardus
1235 3567 1279 3632 de

328 3797 433 3842 conatus
444 3794 557 3857 adjuvet,
571 3811 661 3858 meque
672 3797 789 3858 illustret,
799 3799 802 3817 ⁵
814 3802 869 3846 true
878 3796 1030 3859 knowledge
1040 3800 1090 3849 and
1101 3798 1213 3850 attained
1223 3814 1280 3862 pro·

329 3867 355 3911 et
376 3863 487 3912 deducat
508 3866 542 3914 ad
564 3868 741 3928 pmprietatem
764 3871 790 3914 et
813 3866 892 3916 found
903 3868 1026 3931 learning.

329 3937 444 3982 naturam
459 3934 534 3996 lucis,
545 3950 621 3996 quam
632 3936 789 3987 necandam
851 3934 857 3964 ¹
875 3937 975 3987 ‘tamen
984 3934 998 3997 ;’
1011 3939 1050 3987 M.

329 4003 433 4064 incipio,
443 4005 627 4069 inquirendam,
635 4012 661 4056 et
670 4007 789 4069 patefaci-
849 4005 861 4038 ²
876 4008 918 4057 Sic
928 4005 1280 4069 theMSS.;‘Keni1worther'

329 4070 438 4122 endam!
459 4076 790 4127 Acommencementwhich
850 4075 861 4110 ⁸
877 4076 1021 4141 ‘totidem’
1032 4078 1137 4129 omitted
1146 4080 1172 4129 in
1181 4081 1278 4132 M.aud

329 4143 389 4191 well
405 4143 543 4194 illustratas
557 4147 598 4196 the
618 4148 741 4208 principle
756 4148 791 4209 by
815 4149 863 4200 Ar.

331 4212 413 4264 which
425 4215 558 4266 mediaeval
574 4233 631 4268 men
647 4218 739 4280 souglrt
754 4218 792 4268 ior
849 4218 861 4250 ⁴
876 4215 1220 4283 ιιιιιειιι,ἰ.ο.1ικ1ιιιιι;“Δι’.
