2896 4860
325 381 392 445 200
684 399 758 446 nro.
782 398 930 445 sarvam

328 554 402 619 sord
419 557 511 638 cepit
533 556 568 618 in
591 555 646 620 die
669 556 818 638 apostoli
835 555 1000 632 Andreae,
1018 563 1054 618 et
1070 561 1222 617 castrum
1241 553 1284 617 de

164 672 253 709 Atrum
330 650 609 720 'Berchamstede
627 657 662 719 in
685 656 739 720 die
759 666 889 720 sanctae
912 655 1041 720 Luciae.
1094 654 1141 718 Et
1157 652 1283 718 exinde

165 722 258 759 between

166 770 316 860 munga
330 765 481 839 acceptae
504 764 586 821 sunt
607 765 740 839 treugae
758 758 848 821 inter
869 775 985 839 regem
1000 755 1163 839 juvenem
1188 754 1284 819 Heu·

166 831 266 960 33¹5th
331 858 438 922 ricum
462 867 496 922 et
514 857 724 921 Lodovicum
741 877 850 939 usquc
870 857 914 920 ad
937 856 1062 920 festum
1081 855 1229 920 Fabiani
1249 862 1285 919 et

210 950 215 960 ’
252 950 256 959 ’
330 958 525 1021 Sebastiam
549 967 736 1041 martyrum
762 958 953 1032 beatorum,
978 957 1103 1040 quibus
1125 955 1284 1033 firmatis,

332 1058 527 1122 Lodovicus
544 1060 579 1122 in
594 1056 728 1122 Gallias
746 1057 995 1122 transfretavit.
1040 1056 1185 1121 Interim
1201 1076 1284 1121 vero

331 1158 517 1223 multitudo
549 1179 677 1240 magna
716 1160 880 1223 baronum
918 1165 953 1222 et
987 1155 1147 1235 militum,
1182 1166 1285 1240 rupto

332 1259 459 1323 loedcrc
476 1279 545 1342 quo
563 1280 600 1324 sa
619 1259 794 1324 Lodovico
809 1258 1079 1334 adstrinxerant,
1103 1277 1145 1323 ea
1159 1258 1286 1322 mentis

331 1360 473 1425 levitate
490 1379 561 1443 qua
578 1379 599 1424 a
619 1369 717 1443 patre
734 1359 961 1436 desciverant,
979 1357 1023 1422 ad
1041 1356 1151 1423 lilium
1167 1377 1284 1423 rever·

334 1468 465 1525 tuntur.

367 1662 392 1698 o.
405 1663 430 1698 li.
442 1664 461 1698 J.
472 1663 495 1698 0.
584 1665 606 1699 Ρ.
620 1664 781 1699 ROMANORUM
796 1665 820 1700 tt.
914 1662 1067 1698 Pannonicum
1119 1664 1261 1700 nnuman!

373 1749 488 1785 nocxvn.
520 1740 637 1835 *nonnum
649 1751 688 1786 111.
702 1750 833 1786 rnsnnmcr
847 1750 874 1786 ιι.
915 1750 1028 1786 rnrtrrer
1042 1751 1073 1788 rr.
1114 1752 1277 1790 uennrorrrr.

520 1838 523 1845 ·
598 1811 610 1855 l
775 1813 799 1856 6.
1005 1844 1012 1858 .
1176 1814 1199 1860 l.

171 1975 307 2023 nmina
384 1949 481 2012 Pos'r
498 1949 632 2032 lapsum
646 1959 844 2033 treugarum
858 1950 1053 2016 Lodovicus
1067 1952 1102 2015 in
1119 1950 1284 2035 Angliam

170 2026 321 2118 ‘iiiiiiaster
335 2050 481 2127 redionS,
503 2058 538 2114 et
557 2049 735 2133 applicans
759 2051 935 2127 Duroniae,
956 2059 1107 2116 castrum
1131 2053 1207 2136 ojus
1228 2055 1286 2119 ob·

335 2150 441 2226 sedit;
469 2150 529 2214 sed
546 2151 735 2216 intentione
753 2152 951 2229 frustratus,
967 2172 1075 2234 usque
1092 2145 1287 2219 ²Windele·

171 2276 307 2316 ruer-nor
333 2270 448 2315 soram
464 2260 615 2316 castrum
629 2252 764 2334 insigna
778 2252 965 2317 contendit.
1018 2250 1120 2331 Quod
1142 2273 1220 2318 cum
1240 2255 1285 2321 ad

173 2327 267 2367 Μ’
335 2351 536 2435 capiendum
569 2372 636 2416 non
670 2352 863 2435 proficeret,
886 2352 1052 2417 ordinatis
1076 2353 1178 2419 dietis
1207 2375 1286 2423 cum

334 2453 488 2533 exercitu
518 2452 634 2516 valido
665 2473 785 2518 versus
821 2452 1033 2518 Lincolniam
1068 2454 1186 2536 dirigit
1220 2455 1288 2523 iter

333 2573 446 2618 suum.
499 2553 652 2618 Sabbato
671 2574 751 2618 vero
768 2555 803 2618 in
820 2553 1033 2618 hebdomada
1048 2554 1287 2637 Pentecostes,

335 2654 508 2719 exercitus
532 2654 621 2737 regis
638 2655 791 2738 Juvonis,
813 2656 909 2719 brevi
932 2663 1086 2738 tempore
1104 2656 1287 2722 vehemen-

336 2764 388 2819 ter
405 2764 540 2833 auctus,
554 2754 730 2819 Lodovico
745 2756 778 2818 in
793 2754 974 2819 Lincolnia
990 2756 1154 2821 existenti
1168 2777 1286 2840 super·

336 2856 475 2919 veniens
501 2855 626 2919 bellum
653 2856 790 2920 indixit.
843 2855 958 2937 Igitur
979 2855 1088 2940 juxta
1108 2857 1286 2924 civitatem

336 2955 542 3037 gravissimo
569 2964 728 3020 conserto
753 2955 870 3038 proelio
897 2965 983 3022 nutu
1011 2957 1140 3022 Divino
1163 2959 1285 3043 juveni

337 3057 410 3138 regi
426 3056 580 3120 Henrico
591 3056 694 3121 cessit
706 3057 851 3121 victoria
862 3064 897 3121 et
911 3057 1116 3141 triumphus,
1131 3059 1287 3141 fugiente

338 3157 513 3221 Lodovico
537 3177 658 3240 nempe
689 3177 765 3222 cum
791 3150 888 3222 suis.³
940 3157 1118 3224 interfecti
1140 3170 1222 3227 sunt
1245 3162 1287 3227 de

337 3256 483 3321 Gallicis
500 3257 626 3321 milites
644 3266 682 3321 nt
697 3258 804 3322 fertur
821 3258 1074 3341 quadringenti,
1092 3260 1183 3325 inter
1200 3282 1287 3345 quos

337 3359 460 3423 cecidit
488 3359 613 3422 nobilis
647 3358 704 3422 ille
732 3378 845 3422 comos
872 3359 1024 3424 Thomas
1055 3360 1097 3425 de
1131 3360 1288 3441 Perticis,

335 3479 434 3541 quem
463 3479 539 3523 cnm
568 3479 611 3522 ox
641 3479 758 3523 sorore
786 3459 934 3523 Othonis
958 3462 1175 3544 imperatoris
1203 3465 1288 3529 utri·

337 3581 444 3643 usque
478 3561 569 3640 regis
609 3560 819 3623 Francorum
856 3561 988 3626 scilicet
1022 3569 1057 3626 et
1092 3558 1284 3645 Anglorum

335 3660 610 3743 consanguineus
635 3668 738 3738 esset,
761 3662 839 3743 paci
865 3662 980 3744 potius
1002 3681 1106 3745 quam
1128 3664 1232 3744 bello,
1251 3667 1284 3731 in

372 3869 378 3898 ²
397 3869 599 3920 ‘Berkmnstead
611 3865 625 3928 ;‘
643 3871 681 3920 M.
693 3878 717 3918 et
728 3871 776 3920 Ar.
822 3885 851 3920 ac
869 3874 989 3921 baronum
1001 3869 1163 3923 ‘Nuudinae’
1174 3877 1286 3939 appellu-

371 3940 381 3968 ²
398 3941 600 3989 ‘Wiudelsoranr
610 3941 627 3998 ς’
643 3936 710 3990 nl.
721 3945 746 3989 et
758 3942 798 3990 Μ.
822 3943 897 4000 baut;
917 3943 1013 3992 habens
1030 3944 1129 3992 initium
1145 3944 1208 3995 hora
1224 3949 1287 3997 iuter

371 4012 458 4060 'This
481 4013 558 4060 battle
580 4025 634 4059 was
657 4013 795 4073 commonly
823 4014 928 4073 primam
951 4019 977 4062 et
998 4015 1097 4063 tertium
1121 4016 1216 4078 medie,
1240 4019 1283 4068 sed

336 4078 733 4149 calledtlml'nir(Nnndium)nl
741 4083 798 4130 Lin·
822 4091 880 4132 urite
892 4084 977 4133 horam
990 4100 1079 4133 nonam
1092 4100 1108 4135 a
1123 4086 1195 4135 bonis
1211 4103 1284 4151 nego·

334 4155 438 4209 culmus
451 4152 570 4213 Rogmoi
580 4152 719 4202 ll'oudover
729 4168 799 4215 says,
823 4155 955 4204 tiatorlbns
978 4162 1038 4205 suut
1063 4158 1146 4206 omnia
1171 4173 1286 4210 consum·

337 4224 369 4273 iv.
382 4229 426 4274 25:
439 4224 485 4273 ‘ln
498 4223 659 4285 opprobrium
668 4224 798 4274 lodowici
822 4220 906 4275 muta!
