2896 4860
363 397 409 464 38
723 411 961 461 κιατκινιπι

364 573 442 652 fuit,
465 571 619 638 Roberto
637 571 763 636 comite
784 570 828 636 de
853 569 1043 648 Basevilla,
1066 577 1218 652 comto
1237 588 1317 646 sno,

364 693 428 761 per
438 679 549 739 totum
564 691 708 754 regnum
724 669 880 755 graviter
894 669 1140 735 debacchante.

417 765 606 837 Adrianus¹
635 790 728 855 papa
753 771 924 836 concessit
945 770 1114 847 Henrico‚
1140 768 1217 850 regi
1240 766 1319 833 An·

366 873 516 957 giorum,
548 872 835 955 conquisitionem
866 871 1069 948 Hiberniae3
1101 868 1202 953 cnjus
1234 888 1321 933 con·

367 972 533 1038 cessionis
550 978 769 1055 potestatem,
782 990 936 1048 caumm,
951 978 988 1036 et
1003 970 1156 1047 modum,
1169 970 1206 1033 in
1221 969 1320 1034 bulla

367 1071 489 1138 snaed
504 1092 621 1154 regem
636 1071 768 1137 directa
780 1070 944 1153 exprimit
957 1072 1023 1135 snb
1040 1069 1094 1134 his
1108 1070 1246 1136 verbis:

206 1195 304 1246 reare
417 1170 632 1247 ‘Adrianus
662 1190 783 1237 servus
812 1190 989 1236 servornm
1019 1170 1107 1248 Dm,
1137 1168 1319 1234 carissimo

367 1272 404 1336 in
423 1271 563 1338 Christo
579 1266 715 1356 ²[fili0]‚
736 1270 865 1336 illustri
888 1271 962 1353 regi
977 1269 1129 1352 Angliae,
1151 1267 1320 1347 Henrico,

291 1422 298 1436 .
368 1373 517 1437 salutem
541 1380 577 1437 et
598 1370 824 1454 apostolicam
843 1370 1126 1436 benedictionem.
1177 1368 1319 1433 Iandu-

368 1472 484 1536 biliter
504 1478 541 1535 et
563 1471 650 1535 satis
674 1470 849 1536 fructuose
876 1470 919 1536 de
939 1469 1090 1552 glorioso
1115 1469 1253 1533 nomine
1282 1468 1319 1532 in

368 1571 482 1645 terris,
508 1577 545 1634 et
569 1578 708 1635 aeternae
730 1569 905 1635 felicitatis
926 1570 1069 1653 praemio
1092 1563 1320 1634 ⁸cumulando

366 1670 403 1734 in
416 1669 515 1735 coelis
535 1677 599 1734 tna
619 1669 875 1752 magnificentia
897 1670 1041 1751 cogitat,
1063 1668 1145 1733 dum
1166 1668 1211 1733 ad
1233 1668 1320 1733 dila·

367 1769 493 1835 tundos
526 1769 680 1835 ecclesiae
705 1770 881 1847 terminos,
910 1769 954 1833 ad
984 1767 1224 1834 declarandam
1250 1762 1321 1831 ⁴in-

367 1869 479 1935 doctIs
503 1877 538 1935 et
560 1869 703 1934 rudibus
726 1868 934 1934 Christianae
953 1869 1033 1934 fidei
1061 1869 1256 1947 veritatem,
1282 1875 1319 1933 et

368 1971 530 2035 vitiorum
544 1968 717 2052 plantaria
729 1969 772 2034 de
783 1988 869 2050 agro
881 1970 1064 2034 Dominico
1080 1967 1319 2052 exstirpanda,

368 2069 459 2134 sicut
476 2068 677 2134 catholicus
692 2069 864 2152 princeps,
881 2069 1053 2149 intendis;
1075 2078 1111 2134 et
1127 2069 1172 2132 ad
1189 2068 1224 2132 id
1240 2087 1320 2133 con-

369 2168 563 2234 venientius
599 2163 871 2252 ⁵exsequendum
905 2168 1086 2235 consilinm
1118 2168 1320 2252 apostolice)

369 2267 461 2332 sedis
482 2268 596 2351 exigis
618 2269 685 2351 [et]
709 2268 872 2335 favorem.
925 2268 968 2332 In
982 2288 1052 2352 quo
1068 2269 1173 2347 facto,
1187 2275 1320 2352 quanto

370 2367 486 2433 altiori
511 2369 656 2432 consilio
687 2376 724 2433 et
756 2369 880 2454 majori
912 2368 1118 2434 discretione
1151 2368 1320 2453 procedis,
1427 2372 1429 2376 ’

369 2474 469 2534 tanto
491 2467 677 2533 feliciorem
705 2487 924 2552 progressum
946 2476 993 2547 te,
1015 2463 1221 2552 ⁸praestunte
1244 2469 1320 2534 Dc·

368 2567 474 2646 mino,
488 2568 690 2633 confidimns
708 2568 918 2634 habiturum.
962 2568 1014 2635 Eo
1026 2569 1118 2652 qnod
1134 2568 1177 2633 ad
1194 2570 1320 2633 bonum

369 2667 501 2734 exitum
530 2687 666 2751 semper
687 2676 723 2733 et
739 2668 841 2733 finem
863 2669 1003 2733 valeant
1019 2670 1227 2752 pertingere,
1242 2660 1321 2753 ⁷qui

369 2767 412 2832 de
436 2767 559 2832 ardore
583 2767 665 2832 fidei
694 2776 729 2832 et
761 2768 937 2851 religionis
969 2788 1085 2834 amore
1115 2769 1320 2853 principium

367 2875 586 2950 acceperunt.

418 2965 531 3032 ‘Sane
547 2965 752 3032 Hiberniam
768 2975 804 3033 et
818 2987 936 3033 omnes
952 2967 1098 3044 insulas,
1113 2968 1240 3051 quibus
1257 2967 1318 3033 Sol

365 3065 514 3151 jnstitiae
555 3065 714 3131 Christus
757 3067 884 3146 illuxit,
925 3075 960 3132 et
997 3068 1203 3132 documenta
1240 3067 1320 3134 fidei

370 3165 578 3231 Christiane}
598 3176 836 3251 perceperunt,
852 3168 896 3232 ad
914 3169 974 3252 jus
994 3169 1088 3232 beati
1106 3167 1204 3233 Petri
1220 3168 1320 3252 Apo·

368 3265 451 3331 stoli
472 3274 509 3331 et
524 3275 755 3332 sacrosanctae
778 3266 946 3332 Romanae
968 3267 1135 3346 ecclesiae,
1151 3268 1243 3352 quod
1260 3277 1321 3334 tua

404 3448 477 3502 ΙΑΙΙ
490 3451 541 3502 this
558 3452 704 3516 paragraph
720 3453 834 3502 iswant·
858 3454 926 3515 petis
957 3454 993 3502 ibi
1027 3455 1160 3517 plantariis
1186 3457 1321 3520 vitiorum

367 3517 529 3585 lnginD’A.
556 3523 834 3587 Accordingtclloger
857 3523 926 3586 quod
954 3538 1022 3587 papa
1044 3527 1098 3588 regi
1124 3531 1252 3589 gratanter
1273 3544 1319 3578 an-

367 3590 398 3641 of
411 3592 563 3654 Wendorer,
581 3593 624 3642 the
640 3593 703 3656 king
720 3593 772 3642 had
789 3609 833 3644 ex·
856 3609 947 3656 nuens,
969 3595 1016 3645 hoc
1039 3608 1148 3657 sequens
1170 3599 1195 3647 ei
1217 3599 1319 3660 privile·

368 3662 467 3739 presply
479 3662 583 3726 applied
600 3663 639 3713 for
655 3663 697 3713 tlre
715 3669 789 3727 grant
806 3664 836 3714 of
857 3665 928 3727 gium
938 3664 1093 3716 destinarit!
1111 3667 1195 3730 Roget
1205 3668 1235 3718 of
1243 3670 1320 3720 Wen·

367 3731 480 3783 Ireland.
515 3733 660 3782 ‘Peridem
673 3738 773 3797 tempus
786 3749 831 3784 rex
856 3735 943 3797 dovor,
954 3736 1004 3785 vol.
1014 3736 1043 3786 ii.
1056 3752 1082 3799 p.
1094 3740 1152 3787 281.

367 3802 508 3865 Anglorum
527 3802 657 3852 Henricus
673 3805 774 3854 nuntios
792 3820 831 3854 so·
890 3802 901 3834 ¹
918 3800 1004 3868 ‘lilio,'
1015 3808 1128 3869 wanting
1137 3808 1164 3856 iu
1177 3807 1237 3858 Mu.
1248 3808 1312 3872 Reg.

366 3872 463 3921 lemnes
482 3873 587 3922 Romam
609 3873 710 3923 mittens
733 3877 832 3937 rogavit
891 3871 902 3902 ⁸
919 3875 1033 3926 Omitted
1043 3878 1070 3925 in
1082 3877 1151 3927 D'A.

367 3956 460 4005 papam
472 3943 624 4004 Adrianum,
635 3949 664 3992 ut
678 3945 727 3993 sibi
743 3945 832 3994 liceret
890 3941 900 3972 ⁴
917 3944 961 3993 ‘in
973 3947 1054 3996 doctis
1063 3946 1080 4008 ;'
1090 3945 1159 3997 D'A.

367 4012 500 4062 Hiberniae
519 4014 628 4063 insulam
652 4014 777 4065 hostiliter
793 4015 831 4064 in·
890 4011 900 4043 ⁵
918 4016 1138 4079 ‘consequendum
1145 4011 1162 4079 ;'
1173 4018 1212 4069 M.
1224 4023 1249 4068 et
1260 4019 1308 4070 Ar.
1329 4056 1330 4060 ,

366 4086 443 4146 trare,
454 4088 480 4132 et
491 4090 581 4134 terram
594 4084 830 4148 subjugataeque
890 4081 900 4110 ⁶
918 4086 1059 4146 ‘presente
1067 4084 1083 4149 ;'
1096 4087 1165 4138 D'A.

366 4152 479 4203 homines
496 4154 553 4204 illos
571 4155 690 4204 modales
706 4156 739 4205 ad
756 4156 829 4205 fidem
889 4151 900 4183 ⁷
916 4154 1009 4220 ‘quae,¹
1018 4154 1101 4218 D'A.;
1114 4159 1121 4186 ‘
1132 4174 1191 4220 quae
1203 4161 1291 4210 arbore
1299 4156 1315 4222 ς’

366 4226 392 4270 et
402 4225 469 4273 viam
482 4224 603 4274 reducere
615 4227 738 4288 veritatis,
754 4227 831 4275 oxtir·
855 4226 895 4274 M.
906 4231 931 4275 et
941 4226 989 4278 Ar.
