2896 4860
234 901 513 967 Convenarum
535 920 634 984 reges
657 902 868 968 Francorum
891 910 925 969 et
944 904 1135 987 Anglorum
1149 930 1277 981 nutum

185 1003 277 1087 apud
311 996 498 1079 Druellos,¹
533 1021 637 1085 super
664 1003 888 1086 dispositione
918 1005 1051 1069 itineris
1081 981 1297 1078 suililli'h

184 1103 410 1184 collocuturi3
433 1103 492 1166 ubi
514 1102 624 1185 primo
647 1104 776 1168 turbati
798 1112 881 1169 snut
895 1104 1009 1168 auimo
1025 1126 1137 1172 rumo-
1149 1082 1234 1121 Μ’

184 1205 281 1269 ribus
302 1203 430 1268 auditis
452 1202 494 1267 de
515 1211 625 1267 morte
645 1205 773 1286 reginae
802 1203 972 1283 Franciae,
992 1215 1027 1271 et
1049 1207 1138 1272 Wil-

183 1303 279 1369 lelmi
305 1304 396 1386 regis
423 1302 563 1388 Apuliae
589 1305 711 1369 sororii
739 1304 831 1386 regis
860 1304 1013 1370 Ricardi.
1064 1307 1137 1373 Re·

183 1405 318 1470 vocatis
348 1410 465 1468 tamen
497 1403 627 1468 viribus
659 1405 899 1483 condixerunt,
923 1414 963 1469 ut
991 1414 1136 1491 uterque

182 1524 304 1587 regum
331 1504 368 1567 in
390 1510 515 1569 octava
537 1504 573 1568 S.
590 1503 739 1569 Ioannis
762 1505 933 1588 Baptistae
959 1525 1037 1570 cum
1063 1509 1135 1573 suis

183 1603 435 1669 Ver-relliacum
451 1603 683 1669 convenirent.

236 1702 432 1788 imperator
461 1704 663 1769 Fredericus
692 1723 769 1769 cum
799 1704 1007 1788 imperatore
1037 1705 1136 1773 Grae-

180 1824 301 1871 corum
317 1805 354 1868 in
375 1805 591 1869 concordiam
606 1798 798 1882 'reductua
815 1807 961 1870 transito
976 1800 1136 1873 ³Baffore

184 1927 248 1975 seu
262 1904 413 1971 Brachia
435 1904 472 1969 S.
486 1903 642 1987 Georgii,
658 1904 860 1970 Armeniam
875 1907 1031 1984 intravit,
1054 1927 1134 1992 quae

183 2007 311 2094 partim
339 2005 479 2069 ditionis
508 2004 903 2087 Constantinopolitanae
931 2015 996 2082 est,
1024 2000 1133 2090 ⁴parti

184 2128 268 2174 vero
289 2106 432 2188 reliquae
454 2104 616 2188 praesidet
638 2104 809 2169 Soldanus
836 2105 966 2185 Iconii;
995 2108 1054 2171 ubi
1072 2128 1134 2192 per

182 2208 363 2294 penuriam
386 2205 585 2270 victualium
611 2212 646 2269 et
668 2205 817 2269 insultus
848 2204 996 2269 hostium
1029 2209 1134 2273 susti·

182 2309 260 2374 nuit
281 2307 408 2371 damna
432 2306 562 2370 multa:
597 2304 657 2369 sed
685 2323 763 2368 cum
786 2305 903 2369 omnia
925 2304 1065 2371 vincens
1088 2309 1131 2373 de

181 2409 341 2476 hostibus
354 2404 612 2489 triumphasset,
624 2405 660 2468 in
676 2405 826 2470 transitu
840 2405 1019 2489 cujusdam
1035 2407 1132 2473 fluvii

181 2510 383 2576 suffocatur.
429 2506 540 2571 Filius
558 2512 685 2583 autem,
701 2505 773 2569 dux
786 2505 935 2584 Sucviae,
949 2506 1052 2571 funus
1070 2527 1132 2590 pa·

182 2619 318 2677 ternum
338 2607 462 2672 detulit
479 2626 589 2689 nsque
610 2603 763 2689 Tyrum3
785 2626 855 2689 quo
873 2604 997 2670 ibidem
1013 2609 1131 2690 sepul·

181 2720 231 2792 to,
250 2707 514 2785 Ptolemaidem,
534 2725 613 2790 quae
630 2714 667 2771 et
679 2704 804 2771 Achon
821 2706 958 2783 dicitur,
976 2707 1132 2774 obsidere

179 2811 288 2895 coepit
306 2809 397 2876 infra
418 2815 576 2873 octavam
601 2805 860 2888 Assumptionis
878 2805 1034 2888 Virginis
1055 2809 1131 2890 glo-

181 2912 295 2978 riusae.
348 2908 527 2991 Principes
548 2913 664 2971 autem
683 2904 900 2970 Alemanniae
920 2900 1129 2974 ⁶Henricum

179 3012 289 3079 lilium
306 3009 492 3086 Frederici,
505 3006 661 3090 quemad
677 3005 868 3071 custodiam
881 3007 1015 3088 imperii
1032 3016 1131 3089 pater

178 3114 380 3197 reliquerat,
409 3108 566 3193 eligendo
596 3107 632 3171 in
662 3113 842 3188 paternum
875 3106 998 3170 solium
1025 3109 1129 3174 subli-

176 3218 328 3280 marunt.

228 3314 346 3396 Reges
370 3311 582 3375 Francorum
604 3314 640 3373 et
663 3305 868 3389 lngiorem,
890 3324 968 3369 cum
991 3306 1286 3434 Verzel-popffigp

177 3416 304 3482 liacnm
322 3414 430 3499 juxta
451 3410 648 3476 condictum
671 3406 923 3486 convenissent,
951 3405 1063 3471 foedus
1086 3409 1129 3472 de
1141 3433 1208 3473 mr.

178 3516 246 3581 lide
268 3514 334 3579 sibi
351 3512 499 3577 invicem
516 3509 641 3591 ubique
657 3505 873 3572 observanda
892 3513 928 3570 et
944 3506 1130 3573 securitate

176 3624 299 3683 mutua
320 3615 589 3697 percusserunt3
612 3615 876 3688 statueruntque
898 3607 1012 3690 utqui
1033 3609 1130 3691 prius

177 3717 221 3783 ad
239 3715 415 3781 civitatem
438 3709 564 3776 Siciliae
581 3709 781 3773 Messanam
798 3707 1024 3789 pervenisset,
1040 3708 1128 3772 alte·

214 3964 222 3996 ¹
240 3961 290 4012 ‘ad
304 3960 398 4010 vadum
414 3955 495 4007 saneti
511 3949 641 4017 Remigii?
664 3945 733 4009 fore,’
747 3949 886 4012 eorruptly,
902 3964 931 3998 un
947 3949 970 3999 is
985 3949 1076 4011 likely,
1089 3949 1128 3998 ior

180 4037 265 4099 Roget
274 4031 303 4082 ol
310 4028 462 4090 Wendover‚
472 4027 511 4077 iii.
522 4041 548 4088 p.
562 4028 602 4076 16.
664 4023 672 4051 ί
683 4020 813 4083 Bosphoro
819 4020 838 4082 ;'
855 4019 927 4068 llnll.

700 4089 710 4121 ⁴
727 4090 736 4118 ‘
761 4090 834 4139 ariim
843 4085 858 4116 ·’
870 4089 909 4137 Μ.

212 4134 224 4167 ¹
241 4135 352 4185 ‘duem
362 4127 378 4194 3’
391 4131 461 4181 ΜΛ
471 4128 519 4179 ΑΓ·
701 4158 712 4188 ⁸
727 4108 800 4210 ‘gisi
811 4126 893 4208 Henri
904 4160 1021 4221 conquist
1033 4163 1128 4221 tanqua

213 4238 226 4273 ⁸
240 4235 362 4289 ‘linario
372 4229 389 4297 ;'
401 4233 440 4285 M.
452 4236 476 4283 et
484 4231 546 4283 Aa:
565 4229 641 4281 ‘uat-
666 4230 720 4282 hla
729 4229 780 4282 cite
791 4231 824 4281 de
836 4224 958 4293 Naples3⁸
975 4231 1018 4280 Fr.
1028 4229 1071 4281 Tr.
