2896 4860
512 393 696 443 sunnone.
1017 376 1083 441 345

132 558 184 616 ter
200 551 399 629 intuleritis,
416 571 480 615 nos
496 558 598 615 extra
613 571 758 633 regnum
774 551 816 615 ad
832 551 942 616 levem
958 569 1080 634 quam·
1095 560 1190 653 {peppo

131 671 277 735 cumque
311 652 568 734 suggestionem
598 671 661 734 pro
683 652 784 717 libitu
808 663 932 717 restrae
960 651 1081 716 volun·
1095 664 1194 704 mvnd-

131 752 215 816 tatis
239 752 377 816 citando
403 761 438 816 et
464 751 614 816 indebite
632 753 802 830 vexando,
826 763 941 816 castra
963 760 1083 816 nostra

131 859 166 916 et
196 859 305 916 terras
338 861 373 916 et
400 852 636 934 possessiones
663 860 799 918 nostras
828 859 863 917 et
888 858 1082 917 nostrorum

131 952 222 1017 infra
243 973 386 1035 regnum
406 960 562 1016 nostrum
588 953 663 1016 sine
689 954 816 1017 nostris
833 952 1006 1017 demeritis
1024 969 1082 1015 oc-

132 1053 305 1135 cupando,
345 1055 437 1117 bona
470 1059 591 1116 nostra
628 1071 670 1117 ac
699 1053 914 1117 subditorum
949 1060 1083 1117 nostro·

133 1173 209 1217 rum
227 1162 299 1218 tam
325 1174 386 1237 per
408 1161 534 1217 terrum
556 1172 660 1236 quam
687 1173 748 1236 per
770 1147 881 1217 'mare
904 1152 1080 1237 rapiendo,

132 1263 167 1319 et
189 1252 280 1319 inira
304 1274 448 1336 regnum
464 1261 617 1317 vestrum
635 1253 854 1337 receptando,
872 1261 1082 1318 mercatores

133 1362 168 1418 et
187 1355 275 1419 alios
300 1355 397 1436 regni
412 1354 521 1418 nostri
537 1353 667 1418 incolas
687 1355 885 1432 occidendo,
909 1353 1081 1418 homines-

133 1475 202 1538 que
225 1463 361 1520 nostros
384 1454 427 1518 de
451 1473 558 1537 regno
582 1465 701 1518 nostro
723 1455 891 1520 violenter
912 1453 1082 1518 abducen-

133 1555 191 1633 do,
218 1557 382 1639 ipsosque
404 1555 530 1619 ibidem
554 1554 738 1619 detinendo
766 1564 801 1620 et
823 1554 1081 1620 incarcerando.

133 1656 245 1739 Super
266 1657 390 1740 quibus
411 1655 637 1719 reformandis
659 1655 798 1720 nuntios
827 1663 963 1720 nostros
989 1674 1082 1737 saepe

135 1756 400 1833 transmisimus,
426 1776 505 1840 quae
535 1775 603 1820 non
629 1756 740 1819 solum
766 1756 878 1820 adhuc
905 1763 1082 1819 remanent

134 1857 337 1933 incorrecta,
359 1876 476 1921 verum
500 1857 605 1921 etiam
625 1855 668 1920 de
684 1856 739 1920 die
760 1858 794 1920 in
816 1857 905 1921 diem
927 1875 989 1940 per
1007 1874 1081 1931 vos,

134 1966 169 2021 et
186 1964 333 2033 vestros,
348 1956 518 2039 prioribus
535 1954 707 2020 deteriora
723 1956 953 2020 cumulantur.
1005 1955 1081 2020 Vos

135 2076 281 2140 namque
306 2056 381 2141 jam
413 2076 491 2120 eum
518 2056 757 2120 innumerabili
785 2056 1004 2121 multitudine
1027 2075 1082 2119 ar·

134 2166 319 2235 matorum,
343 2164 458 2221 vestro
477 2159 631 2220 exercitu
654 2156 788 2240 publice
811 2164 1013 2232 convocato,
1036 2156 1081 2220 ad

135 2257 412 2322 exheredandum
446 2277 509 2322 nos
543 2265 578 2321 et
603 2258 700 2339 regni
732 2257 841 2321 nostri
869 2257 1014 2332 incolas,
1037 2256 1081 2321 ad

137 2359 221 2423 fines
244 2359 342 2440 regni
371 2358 480 2423 nostri
508 2357 679 2421 hostiliter
703 2357 910 2435 accessistis,
935 2365 970 2421 et
990 2357 1083 2422 ultra

138 2458 395 2542 progredientes
418 2459 452 2522 in
477 2478 585 2540 regno
611 2468 728 2522 nostro
754 2466 889 2538 strages
912 2470 947 2523 et
969 2459 1082 2522 incen-

136 2560 205 2635 dia,
234 2579 296 2623 nec
329 2579 399 2622 non
431 2559 580 2623 insultus
607 2567 641 2623 et
672 2558 869 2623 invasiones
900 2558 1082 2635 violentas,

137 2667 207 2722 tam
231 2679 293 2742 per
309 2663 437 2725 terram
463 2678 565 2741 quam
593 2678 654 2740 per
677 2678 771 2722 mare
793 2658 1012 2723 commisistis
1029 2660 1082 2722 in·

138 2759 296 2822 humane.
362 2758 439 2822 Nos
469 2758 579 2822 dictas
607 2759 762 2843 injurias,
795 2766 1025 2842 contemptus,
1047 2766 1082 2823 et

138 2860 353 2942 gravamina,
381 2867 416 2923 et
442 2859 579 2936 damna,
608 2878 670 2923 nec
698 2879 766 2924 non
793 2866 830 2924 et
851 2859 994 2923 hostiles
1021 2859 1083 2924 im·

138 2960 369 3043 pugnationes
387 2959 530 3023 ulterius
551 2962 721 3024 sustinere
741 2979 810 3025 non
830 2960 997 3037 valentes,
1020 2979 1083 3023 nec

137 3062 172 3123 in
198 3060 363 3125 fidelitate
393 3067 428 3123 et
454 3059 614 3142 homagio
648 3068 778 3139 vestro,
807 3062 887 3126 licet
918 3081 979 3145 per
1010 3061 1083 3124 vio-

137 3160 265 3225 lentam
283 3153 558 3242 ²impressionem
574 3161 734 3241 extortis,
749 3162 938 3238 manendo;
961 3169 1085 3227 contra

137 3281 200 3324 vos
225 3271 260 3326 ct
282 3261 325 3325 ad
348 3259 580 3325 defensionem
604 3272 757 3325 nostram
781 3269 815 3324 et
844 3261 940 3342 regni
964 3263 1084 3339 nostri,

139 3361 239 3445 cujus
270 3360 459 3424 defensioni
491 3368 525 3425 et
559 3361 699 3424 tuitioni
732 3359 871 3424 vinculo
895 3361 1084 3443 juramenti

138 3481 258 3524 sumus
291 3461 460 3536 adstricti,
493 3480 556 3524 nos
591 3460 748 3524 volentes
779 3460 935 3541 erigere;
977 3460 1085 3524 fideli-

139 3569 244 3625 tatem
265 3568 300 3626 et
315 3554 528 3643 ³homaginm
550 3566 621 3624 tam
646 3580 668 3624 a
689 3561 787 3624 nobis
808 3580 912 3643 quam
937 3561 981 3623 ab
1006 3561 1084 3625 aliis

138 3663 399 3746 quibuscunque
428 3661 523 3742 regni
551 3661 660 3724 nostri
681 3660 804 3725 incolis
826 3660 983 3724 fidelibus
1006 3680 1086 3725 nos·

138 3763 213 3841 tris,
230 3762 363 3826 ratione
380 3768 546 3825 terrarum
563 3761 698 3844 quasin
712 3754 848 3834 ⁴nostr0
865 3779 973 3842 regno
991 3769 1085 3826 tene·

138 3864 234 3939 bant,
246 3870 281 3926 et
296 3863 398 3926 etiam
414 3862 546 3925 ratione
559 3862 708 3942 menagii
719 3881 780 3925 seu
792 3861 994 3925 retentionis
1007 3881 1087 3926 nos-

175 4074 182 4103 ¹
199 4076 308 4136 ‘aquam
317 4067 332 4136 ;’
344 4073 383 4122 M.
396 4078 419 4121 et
432 4072 479 4121 Ar.
661 4069 672 4103 ⁸
689 4072 824 4135 ‘homagia
831 4067 845 4131 ;'
858 4073 897 4121 M.

172 4143 184 4177 ²
200 4145 406 4206 ‘impressionem
430 4145 576 4204 impressam
586 4135 600 4201 ς’

139 4219 198 4276 Aa,
210 4216 257 4267 Ar.
268 4220 327 4276 22⁰,
341 4215 390 4265 and
404 4214 484 4263 Wals.
497 4216 538 4263 dd.
662 4205 671 4235 ⁴
687 4210 786 4258 ‘vestm
795 4202 808 4269 ;’
822 4208 859 4257 lli.
868 4213 892 4257 et
900 4208 949 4258 Ar.
