2896 4860
562 408 745 459 sunnone.
1072 398 1136 465 183

182 585 265 649 rege
288 585 365 631 cum
393 568 548 632 exercitu
576 568 814 651 proficiscente
836 568 879 631 ad
908 570 1135 651 reparandum

184 657 381 732 'castellum
408 668 451 732 de
471 668 603 744 Planis‚
623 668 823 733 custodibus
848 668 891 731 dc
912 668 1027 752 Joppe
1049 689 1135 753 praa-

182 767 286 849 cepit‚
310 774 351 831 ut
366 774 567 849 satagerent
583 786 819 832 consummare
835 787 964 846 muros,
981 777 1134 852 portum·

182 883 251 948 que
268 866 344 951 ejus
364 867 581 932 strictissime
602 868 837 945 observarent,
860 889 903 932 ne
925 869 1003 953 quis
1025 871 1135 936 abiret

182 966 226 1029 de
248 966 390 1049 populo,
406 976 533 1050 praeter
548 976 755 1034 mercatores
773 968 939 1033 victualia
959 977 1134 1052 reportan-

182 1074 248 1131 tes.
299 1067 392 1132 Dum
411 1087 496 1131 vcro
525 1067 695 1133 Ricardus
721 1088 783 1133 rex
806 1068 951 1132 duorum
976 1070 1133 1135 castello-

180 1185 257 1230 rum
276 1165 318 1231 de
335 1166 463 1250 Mayen
481 1176 516 1232 et
531 1167 651 1232 Planis
671 1169 956 1233 restaurationem
974 1170 1132 1248 instaret,

179 1285 276 1349 saepe
297 1266 488 1331 Turcorum
511 1268 660 1350 impetus
678 1267 737 1351 qui
755 1267 969 1332 Christianos
992 1269 1130 1334 infesta-

180 1367 269 1432 bant
280 1368 458 1449 repressit;
481 1368 523 1433 de
540 1368 665 1450 quibus
682 1369 786 1432 etiam
803 1367 1029 1451 plures,inter
1043 1389 1131 1452 quos

179 1466 268 1531 duos
281 1466 480 1533 admiralios
495 1468 638 1545 nobileS,
651 1469 832 1533 interfecit.

231 1566 356 1633 Mense
382 1566 584 1646 Novembri,
611 1587 689 1632 cum
710 1588 772 1633 rex
795 1568 966 1633 Ricardns
991 1589 1052 1651 per
1081 1571 1129 1634 le·
1142 1594 1246 1644 rapam

181 1673 285 1748 gatos
312 1686 334 1731 a
356 1667 519 1733 Saladino
546 1668 722 1751 exegisset
746 1688 790 1733 ex
819 1669 953 1750 integro
986 1689 1127 1751 regnum
1141 1649 1236 1735 llll„

181 1766 305 1850 Syriae,
331 1775 367 1834 et
399 1770 563 1833 tributum
595 1769 638 1832 de
667 1768 857 1852 Babylone,
884 1768 1007 1832 obtulit
1034 1745 1234 1836 Sala-illd
1244 1747 1286 1786 ’Μ

180 1864 283 1931 dinus
310 1870 375 1934 sub
400 1868 511 1933 forma
541 1869 636 1951 pacis
669 1876 776 1932 totam
802 1876 927 1932 terram
956 1868 1128 1953 lerosoly-

180 1965 357 2045 mitanam,
384 1968 514 2033 scilicet
547 1988 568 2031 a
602 1967 742 2032 flumine
766 1968 920 2033 Jordane
950 1988 1058 2051 usque
1085 1970 1129 2033 ad

179 2084 277 2131 mare
292 2068 518 2145 occidentale,
536 2067 742 2132 Christianis
766 2067 928 2144 libcram;
953 2069 1005 2132 ita
1023 2077 1062 2133 ut
1079 2069 1128 2133 di-

180 2173 338 2231 rueretur
360 2166 526 2244 Ascalon,
545 2188 607 2232 nec
630 2187 651 2232 a
674 2167 879 2232 Christianis
907 2168 1130 2234 reaedificare-

178 2267 287 2332 turin
304 2276 480 2350 posterum
497 2268 553 2331 vel
574 2287 595 2331 a
611 2267 745 2334 Turris.
797 2266 992 2332 Attendens
1014 2276 1128 2334 autem

180 2385 244 2431 rex
261 2365 433 2432 Ricardus
449 2387 505 2432 res
522 2369 691 2444 turbatas,
710 2368 860 2450 bellique
881 2387 982 2431 casus
1001 2388 1077 2432 esse
1092 2371 1128 2434 in

180 2467 356 2549 ambiguo,
385 2469 555 2551 dilapsum
580 2468 711 2551 populi,
735 2478 770 2532 et
798 2468 890 2550 regis
919 2467 1129 2533 Francorum

178 2565 381 2644 discessum,
416 2568 568 2632 decrevit
598 2567 686 2631 hanc
719 2587 838 2651 pacem
865 2567 1058 2645 admittere,
1083 2570 1132 2634 ita

180 2666 273 2750 quod
288 2679 437 2733 castrum
455 2668 498 2732 dc
520 2661 625 2732 ²Erec
647 2667 821 2732 diruerent
835 2667 1007 2731 Saraceni.
1061 2669 1130 2733 De-

181 2767 286 2850 nique
302 2787 365 2831 rex
388 2767 621 2850 Sapbadinum
645 2767 783 2832 fratrem
804 2767 957 2831 Saladini
976 2769 1011 2831 in
1033 2769 1131 2831 farni-

180 2866 366 2932 liaritatem
405 2869 595 2951 recollegit,
633 2886 776 2951 sperans
809 2888 871 2950 per
899 2868 974 2951 ejus
1002 2868 1131 2932 media·

180 2967 309 3033 tionem
334 2966 480 3032 celerius
506 2969 644 3051 assequi
666 2976 785 3033 votum
812 2987 936 3031 suum:
970 2967 1030 3031 sed
1053 2989 1130 3032 cum

179 3066 312 3150 negotii
335 3068 466 3133 exitum
489 3088 555 3133 non
575 3068 719 3145 videret,
742 3068 867 3132 certior
886 3068 988 3131 etiam
1018 3069 1131 3132 sactus

180 3167 272 3251 qnod
303 3175 453 3232 castrum
485 3168 528 3232 de
556 3166 649 3231 Erek
680 3161 836 3232 ⁸nolebat
868 3166 1051 3230 Saladinus
1080 3168 1132 3231 di-

179 3286 291 3344 ruere,
313 3268 494 3351 perpendit
517 3267 750 3350 Sapbadinum
776 3267 841 3331 sibi
868 3274 1002 3330 tantum
1026 3268 1133 3332 verba

179 3366 335 3446 dedisse3
366 3367 621 3450 propterquod
646 3387 684 3431 se
708 3367 834 3431 avertit
858 3367 901 3430 ab
924 3386 977 3443 eo,
999 3368 1130 3449 profec-

180 3476 338 3533 tuscum
361 3468 513 3531 exercitu
538 3486 657 3531 versus
677 3466 873 3542 Romulam,
896 3465 996 3549 cujus
1016 3487 1132 3532 muros

178 3566 319 3632 (lunens
332 3567 551 3650 Saphadinus
567 3567 714 3649 aufugit.
768 3565 952 3630 Saladinus
968 3567 1070 3631 etiam
1090 3568 1132 3631 de

179 3676 296 3733 castro
321 3667 457 3732 Darum
479 3687 516 3730 se
541 3667 719 3731 transtulit
740 3667 775 3729 in
798 3666 1006 3743 Jerusalem,
1032 3667 1132 3751 cujus

178 3768 321 3833 relictus
339 3767 514 3833 exercitus
528 3767 615 3831 abiit
630 3767 674 3831 ad
692 3773 865 3830 montana.
904 3766 984 3830 Rex
1002 3774 1131 3842 autem,

178 3867 224 3933 do
232 3867 386 3933 Romula
397 3887 476 3932 cum
487 3868 642 3932 exercitu
653 3858 1132 3949 progrediens,Betenopolim

213 4075 403 4138 warennae
439 4080 499 4129 cor.
527 4080 592 4141 neg.
618 4084 642 4128 er
702 4073 1134 4140 “clalrcmaega‘crenffrr.

180 4146 264 4202 Did:
282 4150 432 4199 ‘casalium
443 4145 457 4209 ;‘
469 4151 508 4199 M.
544 4150 644 4199 Soulso
669 4150 747 4199 etAr.
777 4147 1133 4198 Soalsoalewlinesbelow.

204 4222 255 4271 few
266 4221 333 4271 lines
344 4220 442 4271 further
453 4235 494 4270 on.
705 4214 874 4278 '‘volebats
888 4211 957 4268 ΠΛ.
