2896 4860
566 410 749 459 ANNALRS
1071 396 1134 461 191

179 570 365 635 fortissimo
383 589 482 634 muro
499 569 620 634 cinxit.
675 569 808 633 Exinde
827 589 1032 652 progressus
1049 571 1135 635 ulte·
1148 587 1225 628 rora
1233 588 1258 626 or

179 671 263 747 rius,
296 679 448 735 castrum
484 670 576 753 quod
610 670 744 753 Rupes·
732 670 913 735 M-onachi
946 671 1084 748 dicitur,
1114 691 1135 735 a

180 770 357 836 Willelmo
390 770 433 835 de
465 771 638 853 Rupibus,
673 770 887 853 Andegaviae
920 772 1135 850 marescallo,

179 872 225 937 ob
250 871 430 937 tuitionem
455 871 588 935 itineris
610 880 859 948 constructum,
883 873 1039 952 obsedit;
1074 873 1134 936 sed

179 973 425 1055 superveniens
447 972 643 1036 Lodovicus
666 972 757 1055 regis
777 973 987 1037 Francorum
1010 974 1136 1056 primo-

179 1074 318 1156 genitus
335 1094 413 1138 cum
432 1074 587 1137 exercitu
608 1074 736 1151 valido,
757 1074 968 1138 obsidionem
993 1073 1134 1138 dissolvi

179 1175 307 1258 coegit,
330 1174 645 1257 discedentiumque
676 1194 754 1238 cum
789 1175 963 1239 celeritate
992 1175 1134 1258 papilio-

1149 639 1242 680 norman
1215 639 1277 687 curly.

180 1294 242 1339 nes
264 1284 301 1340 et
318 1275 389 1339 alia
410 1275 573 1339 utensilia
596 1269 769 1357 ¹[bellica]
793 1277 988 1358 occupavit.
1042 1276 1134 1340 Urbs

179 1374 383 1458 Andegavis
414 1376 487 1456 regi
520 1374 713 1457 Anglorum
751 1375 857 1440 infida
893 1376 1067 1441 Lodorico
1098 1396 1135 1441 se

180 1476 343 1554 reddidit,
367 1476 426 1561 qui
452 1494 567 1540 muros
590 1477 678 1560 ejus,
707 1478 843 1541 noviter
868 1486 1084 1542 constructos
1114 1496 1136 1540 a

151 1596 154 1603 ·
181 1596 276 1660 rege,
294 1577 338 1641 ad
358 1577 469 1641 solum
487 1577 626 1640 diruens
648 1578 893 1660 complanavit.
939 1577 1135 1643 Attendens

180 1686 296 1743 autem
327 1675 519 1759 Anglorum
553 1698 616 1741 rex
650 1677 875 1742 Pictavenses
905 1687 940 1742 et
972 1678 1134 1761 Andega·

181 1798 305 1842 tenses
330 1778 408 1861 plus
432 1779 523 1861 parti
546 1777 760 1843 Gallicorum
783 1798 887 1862 quam
910 1799 983 1842 suan
1006 1779 1135 1857 favere,

181 1878 216 1943 in
239 1887 381 1961 treugas
412 1879 697 1962 quinquennales,
731 1900 752 1943 a
782 1899 863 1961 rege
892 1880 1048 1943 Franciae
1074 1900 1136 1963 per

182 1978 375 2045 Robertum
397 1980 526 2044 domini
549 1999 649 2062 papae
673 1980 826 2062 legatum
852 1990 887 2045 et
910 1980 1134 2063 Ranulpbum

181 2081 342 2145 comitem
364 2079 509 2145 Gestriae
531 2081 745 2164 impetratae,
768 2082 952 2146 consensit.
1005 2081 1135 2145 Eodem

181 2201 274 2246 anno
287 2181 393 2259 Otho,
409 2183 453 2245 ab
470 2180 613 2263 imperio
625 2181 757 2265 judicio
773 2182 927 2246 ecclcsiae
945 2181 1135 2264 depositus,

181 2283 364 2347 associatis
380 2283 445 2345 sibi
462 2282 548 2346 duco
566 2283 764 2347 Brabantiae
785 2301 826 2347 ac
845 2283 1027 2347 comitibus
1048 2302 1133 2346 non·

182 2383 299 2461 nullia,
324 2402 400 2447 cum
427 2381 589 2465 Philippo
607 2403 688 2465 rege
714 2383 925 2448 Francorum
949 2384 1040 2466 apud
1064 2384 1134 2447 Bo·

182 2485 283 2548 vinas
310 2503 528 2566 congressus,
554 2492 590 2548 et
615 2484 756 2549 inferior
780 2486 905 2561 sactus,
933 2504 1005 2548 suae
1029 2486 1134 2549 saluti

182 2585 359 2650 consuluit
388 2584 563 2667 fugiendo.
629 2584 732 2668 Capti
762 2595 843 2651 sunt
874 2606 895 2650 a
924 2584 1070 2651 Gallicis
1099 2587 1133 2649 in

181 2684 249 2750 boc
271 2686 393 2769 praelio
410 2686 553 2750 comites
572 2685 769 2750 Ferrandus
793 2686 1027 2763 FlandrensiS,
1046 2685 1134 2750 Wil-

182 2785 306 2851 lelmus
330 2787 373 2850 de
399 2786 640 2868 Longa-spata
665 2786 943 2865 Saresberiensis,
970 2794 1005 2850 et
1028 2787 1135 2867 Regi·

183 2887 307 2953 naidas
329 2887 372 2950 de
394 2886 636 2950 Dammartino
654 2886 884 2964 BoloniensiS,
907 2896 941 2951 et
959 2887 1018 2951 alii
1036 2888 1135 2952 multi

183 2989 310 3053 milites
327 2998 362 3054 et
377 2988 535 3052 barones.

233 3087 330 3153 Obiit
350 3089 546 3155 Willelmus
571 3089 614 3153 de
641 3087 815 3166 Glanvile,
841 3086 1024 3170 episcopus
1051 3088 1137 3152 Rof-

184 3188 306 3254 lensis:
325 3190 497 3255 Ricardus
510 3191 660 3253 decanus
676 3190 798 3254 Sarum
813 3189 848 3252 in
860 3181 1136 3265 ²Cicestrensem,

183 3297 219 3356 et
241 3289 419 3355 Walterus
442 3288 667 3354 cancellarius
688 3291 780 3374 regis
803 3289 839 3352 in
856 3289 1135 3373 wigorniensem

181 3392 363 3475 episcopos
378 3398 635 3455 consecrantur.

200 3608 329 3646 nnnc.
401 3608 658 3671 neormnonrun,
760 3595 938 3653 rutroonuul
967 3596 1135 3672 arcionum!

984 3694 1089 3730 JOANNIS

1019 3755 1058 3801 ro.
1132 3674 1136 3813 i

234 3907 341 3973 Orno
377 3909 583 3972 adversante
619 3909 683 3972 sibi
719 3908 859 3972 fortuna
895 3917 971 3990 post
1010 3909 1210 3986 bellumne„
1211 3940 1289 3976 met

185 4009 275 4093 quod
304 4008 346 4072 ad
371 4008 525 4072 Bovinas
548 4010 765 4073 commissum
794 4017 859 4086 cst,
887 4010 921 4072 in
951 4010 1136 4075 Saxoniam
1151 3945 1241 4076 oddea
1216 3988 1265 4025 *Μ
1275 3988 1299 4027 ⁰¹

289 4237 486 4288 ¹'l'hieieirom
498 4240 545 4288 Ar.
648 4232 654 4305 Ι
703 4233 1006 4297 ¹‘Cietrenoem;’D’A.
