2896 4860
573 417 754 501 Anninus.
1069 402 1133 467 131

178 569 369 650 bominum,
390 572 580 637 ascendens
600 571 690 636 haud
713 573 815 655 longe
838 592 860 637 a
888 573 964 637 loco
989 593 1133 656 exspec-

178 670 291 749 tabat,
319 679 463 754 paratus
495 672 586 737 bello
614 673 770 755 accipere
800 672 1026 740 Christianos.
1089 675 1132 738 In

179 769 302 852 vigilia
329 771 448 856 itaque
483 770 691 837 Natiuitatis
721 774 832 837 beatae
863 771 1032 855 Virginis
1069 794 1130 838 rex
1141 800 1198 850 sept.
1209 798 1226 837 ι.

179 868 355 935 Ricardus
369 891 449 937 cnm
462 870 737 937 Christianorum
754 872 955 950 exercitum,
974 874 1032 957 qui
1054 892 1131 938 cen-

177 978 253 1036 tum
284 970 394 1036 millia
416 972 592 1036 hominum
618 992 688 1037 non
710 973 912 1051 excedebat,
939 973 1132 1039 ordinasset

178 1090 243 1155 per
277 1073 381 1150 acies,
415 1073 490 1156 ipse
520 1092 695 1138 unacum
729 1074 816 1138 duce
853 1075 1066 1156 Burgundiae
1095 1083 1130 1139 et

178 1171 293 1236 electa
308 1171 456 1236 militum
480 1173 622 1256 sequela
638 1174 718 1238 hinc
736 1174 815 1238 inde
839 1176 1014 1251 oberrans,
1031 1174 1131 1237 undi-

178 1289 247 1353 que
268 1271 476 1335 observabat
492 1290 514 1335 a
530 1272 661 1338 dextris
679 1281 713 1338 et
730 1274 926 1351 ministris,
949 1274 1130 1339 sollicitius

178 1368 373 1434 Turcorum
412 1372 627 1455 perpendens
663 1372 912 1452 hebitudinem,
950 1382 990 1438 ut
1023 1373 1131 1457 juxta

178 1469 273 1554 quod
303 1469 436 1536 videret
461 1473 624 1555 expedire
653 1473 907 1555 producendum
939 1474 1130 1538 exercitum

177 1570 379 1653 castigaret.
447 1569 651 1654 Congressis
681 1573 799 1656 itaque
830 1573 1024 1655 agminibus
1054 1574 1130 1636 dira

178 1688 300 1753 pugna
316 1670 552 1750 committitur,
571 1691 611 1736 ac
628 1673 664 1735 in
688 1666 814 1737 ¹marte
836 1673 978 1755 ancipiti
1001 1672 1131 1736 diutius
1167 1694 1171 1704 ·

178 1769 385 1849 dimicatum
413 1770 473 1834 sed
496 1772 687 1836 auxiliante
710 1772 789 1836 Duo
806 1772 965 1855 provenit
986 1771 1132 1837 Christi-

180 1870 258 1935 anis
283 1869 441 1947 victoria,
469 1871 541 1953 qui,
565 1871 695 1954 surgatis
721 1871 846 1937 Turcis
874 1881 909 1937 et
930 1873 1132 1950 intersectis

181 1969 296 2053 spolia
330 1969 479 2052 plurima
517 1978 601 2035 sunt
629 1971 757 2054 adepti.
824 1971 1034 2036 Referebant
1073 1973 1131 2055 qui

180 2069 224 2134 ad
262 2068 375 2135 locum
416 2071 614 2136 certaminis
646 2073 830 2147 redierant,
865 2091 903 2135 se
934 2091 1132 2135 numerasse

179 2168 373 2234 'lurcorum
389 2170 587 2237 admiralios
608 2179 762 2254 repertos
783 2172 915 2235 occisos
933 2189 974 2235 eo
996 2171 1052 2234 die
1074 2171 1132 2234 tri-

180 2269 281 2352 ginta
297 2268 396 2347 duos,
419 2270 462 2335 de
484 2270 561 2335 aliis
575 2290 657 2335 vero
680 2278 811 2353 septem
833 2270 953 2347 millia,
976 2269 1132 2352 exceptis

179 2369 384 2447 vulneratis,
405 2371 466 2453 qui
486 2370 696 2435 divertentes
718 2390 740 2434 a
758 2371 957 2447 certamine,
983 2369 1130 2451 sparsim

180 2476 365 2554 postquam
388 2470 595 2548 defecerant,
613 2470 756 2555 jacuere
777 2490 838 2555 per
860 2489 945 2534 arva
966 2468 1129 2533 defuncti.

181 2570 238 2635 De
256 2570 412 2634 exercitu
426 2589 509 2635 vero
527 2569 799 2635 Christianorum
822 2589 891 2634 non
908 2568 1078 2633 ceciderat
1095 2569 1131 2631 in

179 2669 274 2734 bello
286 2668 479 2734 Turcorum
489 2672 744 2753 comparatione
755 2670 878 2734 saltem
894 2688 974 2751 pars
988 2669 1132 2744 decima,

181 2769 359 2835 ueletiam
376 2768 508 2833 decima
523 2769 672 2834 decimae.
710 2769 780 2833 His
797 2769 936 2846 auditis,
950 2768 1133 2833 Seledinus

182 2869 348 2954 precepit
376 2869 491 2935 omnia
511 2877 628 2934 castra
652 2868 754 2947 dirui,
779 2876 907 2952 praeter
925 2868 1133 2944 Jerusalem,

181 2962 305 3047 ¹lirelu,
318 2976 355 3034 et
372 2968 517 3034 Darum.

235 3067 316 3133 Rex
348 3069 532 3147 Ricardus,
556 3070 696 3151 cognito
724 3067 817 3151 quod
841 3067 929 3131 muri
951 3066 1255 3132 Αεοιίοιιίειιιιιι
1256 3082 1282 3122 ιι

183 3188 230 3234 ex
252 3169 494 3252 desperatione
515 3169 741 3244 diruerentur,
770 3167 881 3231 voluit
901 3167 985 3231 illuc
1007 3145 1281 3286 exerci-‘¹1:³¹¹'r:i¹:⁸ip⁸nr:h⁰

184 3277 260 3335 tum
276 3268 414 3345 ducere,
436 3276 472 3332 et
488 3288 564 3333 eam
587 3289 608 3334 a
629 3267 843 3333 diruentibns
861 3286 991 3344 eruere,
1006 3247 1233 3331 muros-laum
1198 3285 1274 3373 apat

184 3388 254 3452 que
284 3368 362 3452 ejus
387 3387 561 3450 reparare,
583 3389 624 3434 eo
647 3367 738 3452 quod
761 3375 853 3431 esset
880 3367 1004 3431 civitas
1032 3367 1135 3430 mari-
1146 3335 1241 3476 ’timim
1194 3385 1229 3474 ιιι
1229 3383 1250 3433 ιι

185 3469 272 3533 tima
309 3475 346 3532 ct
378 3468 568 3551 peregrinis
598 3468 699 3533 valde
733 3474 949 3550 opportune3
984 3467 1074 3549 quod
1107 3437 1193 3529 si'u

185 3567 442 3651 complevisset,
464 3569 586 3633 fuisset
604 3575 696 3633 terra
716 3573 791 3631 tote
810 3586 832 3630 a
854 3565 980 3630 Turcis
1001 3567 1137 3648 penitus

186 3667 345 3732 liberata.
390 3667 458 3734 Sed
474 3667 701 3733 renitentibus
719 3665 798 3730 huic
820 3665 964 3730 consilio
981 3664 1138 3742 Gallicis

187 3767 233 3832 ad
273 3769 525 3851 reparationem
567 3767 683 3850 Joppe
724 3766 907 3849 plurimum
947 3766 1138 3831 laborabat.

188 3867 349 3933 Exeunte
365 3886 447 3932 vero
462 3867 537 3951 jam
552 3887 668 3933 mense
685 3862 888 3948 Septembri,
904 3866 1140 3930 minorabatur

186 3968 290 4034 valde
313 3967 508 4047 exercitus3
539 3969 656 4034 multis
683 3965 937 4030 discedentibus
962 3986 1024 4049 per
1045 3964 1141 4028 navi-

224 4160 232 4192 ⁸
250 4157 367 4221 ‘mortes
384 4160 432 4211 Ar.
678 4158 742 4210 cho:
760 4160 911 4224 but,alittle
919 4159 1017 4209 further
1027 4172 1068 4221 ou,
1082 4159 1141 4207 Cori.

223 4229 285 4282 ‘So
300 4232 355 4282 eleo
372 4231 429 4293 M.;
453 4231 567 4295 possibly
586 4230 651 4282 Jerl·
682 4231 746 4293 aeg.
758 4231 823 4280 hus·
837 4225 923 4281 Crak?
946 4303 991 4348 Η
