2896 4860
565 412 748 462 annaeus.
1066 396 1129 462 161

178 569 347 648 usquead
372 569 462 634 diem
480 571 602 655 judicii
626 573 736 637 libens
758 592 819 657 pro
844 573 928 636 meis
950 572 1129 637 admittam

178 666 336 734 delictis.'
392 670 530 735 Prolem
568 693 650 737 vero
683 694 752 737 non
784 674 925 749 habens,
958 673 1129 738 Joannem

179 766 320 833 fratrem
350 791 451 834 suum
479 775 588 855 regni,
620 794 660 838 ac
695 783 863 839 terrarum
894 794 1033 838 suarum
1062 795 1130 838 om-

179 869 286 946 nium,
305 879 514 938 testamento
529 894 592 938 suo
610 874 806 955 designavit
821 874 990 939 heredem.
1042 876 1131 939 The

179 971 273 1033 sauri
292 991 373 1036 vero
391 974 444 1038 sui
462 967 547 1038 ¹tres
565 984 682 1058 partes
701 976 843 1053 Othoni,
864 976 981 1058 nepoti
1004 997 1079 1054 suu,
1097 978 1132 1040 in

178 1089 294 1153 regem
319 1072 554 1139 Romanorum
573 1076 648 1160 jam
666 1086 844 1154 coronato,
862 1077 1029 1155 contulit;
1055 1077 1132 1140 reli·

179 1190 285 1254 quam
323 1176 552 1240 servientibus
585 1178 658 1240 suis
696 1178 972 1260 pauperibusque
1002 1177 1131 1242 divisit.

179 1270 335 1337 Tandem
357 1274 489 1339 dierum
515 1278 671 1341 undecim
697 1278 864 1360 languore
890 1288 1050 1354 vexatuS,
1079 1279 1265 1381 dieffnrsllgnh·

181 1372 394 1454 duodecime,
418 1385 543 1442 octavo
567 1378 724 1442 videlicet
746 1378 822 1442 idus
848 1376 990 1461 Apulia,
1018 1378 1133 1442 aetatis
1164 1352 1177 1392 ¹³
1227 1368 1231 1378 '

181 1492 254 1538 suae
283 1496 374 1540 anno
398 1477 661 1561 quadragesimo
693 1479 855 1555 secundo,
887 1479 975 1543 diem
1009 1480 1134 1543 clausit

181 1583 385 1640 extremum.
439 1577 509 1643 Hic
537 1578 709 1644 Ricardus
741 1587 881 1663 propter
912 1581 1134 1662 magnanimi—

181 1682 289 1740 tatem
321 1678 446 1756 cordiS,
479 1682 561 1763 qnia
589 1682 699 1745 ardua
723 1700 869 1764 quaeque
897 1680 1040 1762 aggredi
1067 1701 1135 1744 non

182 1775 321 1857 refugit,
346 1779 416 1844 Cor
440 1780 548 1844 leonis
566 1781 761 1864 appellatus
781 1789 835 1845 est
854 1782 897 1844 ah
918 1780 1076 1863 Anglicis
1100 1791 1136 1844 et

181 1874 407 1943 NormanniS.
461 1881 580 1965 Hujus
596 1890 741 1946 mortem
762 1881 927 1963 magister
943 1875 1134 1945 ²Galsridus

180 1977 224 2041 de
243 1978 447 2057 Vinosalvo‚
467 1983 502 2044 in
524 1982 610 2046 libro
633 2002 734 2065 quem
759 1983 801 2046 dc
820 1982 1028 2065 Eloquentia
1043 2002 1135 2046 com-

182 2080 312 2160 posuit,
328 2082 484 2146 versihus
501 2081 553 2146 his
572 2083 753 2165 deplorat:

283 2272 291 2298 ‘
307 2262 442 2322 Neustria
455 2266 508 2323 sub
523 2266 621 2345 clypeo
636 2268 711 2344 regia
726 2266 842 2325 defensa
858 2266 982 2335 Ricardi‚
1151 2274 1281 2365 fflffss

304 2360 456 2420 indefensa
469 2363 562 2432 modo,
576 2374 660 2440 gestu
673 2373 778 2422 testare
792 2363 928 2421 dolorem.
1151 2376 1279 2417 ramentum

307 2457 452 2517 Exsudent
465 2460 538 2518 oculi
553 2460 700 2539 lacrymas,
714 2462 881 2518 exterminet
894 2480 944 2518 ora
1152 2427 1253 2467 mm

308 2555 412 2626 Pallor,
427 2558 567 2616 connodet
581 2557 683 2635 digitos
696 2568 815 2626 tortura,
830 2568 958 2616 cruentet

306 2654 445 2712 Interiora
458 2655 545 2727 dolor,
560 2666 588 2713 et
602 2656 730 2713 verberet
744 2656 849 2713 aethera
863 2655 978 2713 clamor.

308 2751 383 2809 Tota
396 2752 470 2829 peria
484 2772 518 2810 ex
532 2760 622 2810 morte
637 2773 705 2810 sua:
727 2772 804 2810 mors
818 2772 874 2810 non
888 2754 943 2810 fuit
957 2753 1027 2829 ejus,

187 2932 392 2941 ——————
741 2933 790 2941 -..-

223 3074 231 3105 ¹
249 3078 292 3126 ‘in
304 3080 355 3126 tres
367 3081 451 3139 purten
462 3072 475 3138 ;‘
488 3077 526 3124 M.
537 3081 560 3126 et
569 3076 617 3126 Ar.
663 3076 666 3089 '
679 3077 741 3125 wire
763 3076 822 3125 ‘De
846 3082 899 3125 erte
922 3069 1040 3124 dicendi.’
1086 3073 1140 3122 The

678 3148 837 3195 itinerarium
860 3146 889 3195 oi
909 3146 1029 3206 Richard,
1050 3145 1075 3193 in
1099 3144 1141 3192 the

223 3214 235 3245 ¹
251 3217 531 3279 GeoffreydeViusauf
539 3216 654 3266 flourish·
681 3217 749 3266 Hist.
761 3218 838 3279 Angl.
857 3218 949 3278 Script.
961 3216 988 3264 ii.
1005 3230 1032 3276 p.
1044 3218 1101 3274 242,
1119 3216 1141 3263 is

188 3288 220 3339 ed
231 3291 257 3338 in
266 3288 375 3337 thisand
384 3287 561 3349 thesollowiug
570 3288 654 3349 reign:
679 3289 794 3336 ascribed
807 3294 832 3336 to
844 3288 904 3336 him.
930 3286 1053 3347 Alluding
1064 3291 1089 3334 to
1100 3285 1142 3333 the

189 3375 233 3410 aee
256 3359 334 3420 intra,
356 3358 389 3407 ad
412 3373 470 3407 auu.
493 3362 564 3407 1204.
600 3358 654 3406 'l'he
679 3359 932 3419 linebeginning‘O
945 3357 1143 3415 Venerislaery-

188 3430 253 3480 linea
275 3431 301 3478 iu
325 3428 367 3478 the
390 3434 505 3478 texture
528 3428 590 3477 from
615 3390 751 3478 hishmosa
770 3429 844 3489 diee,'
863 3444 885 3475 v.
907 3433 931 3486 8,
946 3428 1063 3476 Chaucer
1084 3426 1143 3474 thus

190 3516 263 3563 poem
274 3501 334 3549 ‘De
350 3499 425 3549 Nora
441 3496 561 3563 Poetria,’
573 3498 656 3547 other-
667 3472 670 3553 i
681 3500 816 3549 addreaues
827 3498 939 3548 Viusaus
944 3515 950 3546 ι

332 3628 373 3677 ⁴0
386 3627 521 3687 (renuide,
531 3626 590 3676 dere
601 3629 703 3676 mairter
714 3627 838 3684 soverain,

349 3699 424 3759 That,
434 3699 510 3747 whan
521 3698 565 3759 thy
576 3697 674 3759 worthy
686 3696 796 3746 ltichard
809 3710 862 3744 was
874 3695 938 3743 siaiu

349 3769 419 3817 With
432 3769 496 3823 shot.
509 3768 706 3829 cornplaiuedeut
717 3767 757 3815 hia
768 3766 828 3815 deth
840 3781 868 3814 eo
880 3781 945 3826 sore,

351 3839 418 3901 Why
429 3854 460 3887 ne
473 3839 521 3888 had
535 3839 547 3885 1
560 3853 617 3887 now
628 3839 672 3899 thy
684 3837 852 3897 ecieuce,·and
864 3837 908 3897 thy
920 3836 981 3892 lore,

354 3909 402 3958 The
415 3910 439 3958 F
439 3910 509 3972 ridcp
513 3910 558 3969 sor
570 3914 593 3957 to
603 3909 688 3957 chidra
699 3924 727 3957 ur
738 3908 780 3957 did
791 3912 836 3971 yet

356 3980 417 4043 (For
427 3996 458 4028 ou
470 3996 487 4029 a
498 3979 591 4041 Friday
602 3980 701 4041 sothely
712 3979 776 4029 elain
789 3992 842 4027 was
854 3975 907 4039 he.)

352 4051 423 4099 'i'hen
434 4051 502 4100 wold
514 4051 526 4099 1
541 4051 610 4100 shew
621 4065 672 4110 you
684 4050 742 4098 how
754 4050 808 4097 that
819 4049 832 4096 1
845 4048 919 4097 could
932 4041 1035 4108 plaiae)

610 4121 659 4169 rte
673 4122 770 4169 Noanes
785 4120 892 4168 Preietec
905 4119 971 4179 raa,
982 4132 1005 4164 v.
1021 4120 1108 4166 laada.

684 4186 831 4253 Tyrwhitt'o
841 4189 882 4239 ed.
895 4189 931 4239 iii.
944 4204 969 4249 p.
981 4191 1039 4238 ala.

969 4322 993 4366 Μ
