2896 4860
525 394 705 444 suvanos.
1022 379 1089 445 859

135 548 225 631 qnod
246 549 436 614 adunatum
460 549 574 615 suerat
595 571 658 635 pro
673 551 827 617 exercitu
843 572 907 618 suo
923 550 959 617 in
977 553 1084 618 Flan-

134 648 241 713 driam
271 650 533 716 transvehendo.
591 652 688 716 Villa
712 660 827 718 autem
853 652 896 718 de
918 653 1082 719 Winche-
1096 672 1240 714 meane

135 748 251 827 leseia,
280 750 339 814 ubi
364 759 484 833 portus
514 759 599 829 erat,
625 760 905 835 supermontem
933 755 1001 820 sita
1028 723 1228 820 estffiiiii

135 858 319 934 praeruptae
339 851 544 930 altitudinis,
568 873 613 917 cx
631 873 673 918 eo
695 853 802 918 latere
816 873 885 937 quo
910 855 967 920 vel
986 874 1081 920 mare

135 951 287 1034 respicit,
313 952 366 1015 vel
389 953 544 1017 imminet
571 953 712 1017 navium
732 955 888 1032 stationi,
910 955 1000 1020 unde
1022 956 1081 1019 via

135 1070 213 1132 quae
242 1071 264 1115 a
294 1060 395 1134 porta
422 1053 513 1117 villae
540 1051 681 1118 deducit
702 1053 747 1119 ad
779 1063 928 1137 portum,
955 1055 1081 1120 nonin

133 1149 301 1216 directum
329 1152 390 1239 (ne
418 1153 526 1217 nimia
548 1152 746 1219 declivitate
775 1154 1019 1220 descendentes
1044 1154 1081 1219 in

134 1251 375 1335 praecipitium,
407 1253 462 1317 vel
485 1253 706 1319 ascendentes
735 1273 853 1337 repere
873 1256 988 1338 potius
1010 1273 1080 1320 ma-

134 1352 234 1416 nibus
262 1372 364 1434 quam
388 1354 563 1417 ambulare
585 1350 720 1438 cogat)
737 1355 910 1434 tenditur;
933 1355 993 1421 sed
1018 1356 1080 1419 ob-

133 1451 229 1536 liqua
252 1452 289 1516 in
314 1452 407 1517 latus
431 1473 520 1518 nnnc
548 1454 591 1517 ad
619 1474 722 1518 unam
748 1462 894 1537 partem,
920 1474 1013 1519 nunc
1035 1455 1080 1519 ad

134 1551 251 1629 aliam,
271 1553 421 1617 sinuosis
437 1554 584 1618 flexibus
601 1554 728 1637 saepius
744 1563 957 1619 recurvatur.
997 1554 1079 1619 Gin-

133 1653 227 1735 gitur
253 1652 473 1717 nihilominus
505 1654 588 1718 villa
620 1673 689 1718 non
720 1674 819 1719 muro
847 1654 997 1738 lapideo,
1019 1655 1080 1719 sed

134 1772 262 1835 aggere
283 1752 326 1817 de
350 1761 442 1818 terra
466 1753 572 1830 facto,
593 1772 635 1818 ac
660 1773 764 1837 super
785 1754 878 1818 latus
900 1754 966 1819 hoc
993 1775 1080 1839 prae·

132 1861 272 1935 ruptum
299 1854 335 1917 in
364 1853 502 1919 modum
529 1847 749 1919 ¹moeni0rum
771 1855 815 1919 ad
840 1854 1000 1919 humanae
1028 1855 1079 1920 al-

134 1954 314 2018 titudinem
346 1961 489 2018 staturae
515 1961 651 2034 erecto;
687 1955 778 2019 inter
799 1954 899 2039 cujus
928 1975 1080 2039 propug-

134 2054 258 2118 nacula
273 2061 369 2136 patet
385 2055 428 2118 ad
448 2074 553 2118 naves
570 2053 764 2137 adspectus.

184 2154 368 2235 ingressus
391 2155 509 2236 itaque
532 2174 593 2218 rex
613 2154 743 2231 villam,
768 2173 846 2218 cum
862 2154 970 2239 juxta
989 2153 1079 2218 banc
1092 2178 1139 2238 nan
1166 2186 1216 2218 mu·

132 2254 316 2335 equitaret,
337 2253 426 2319 inter
449 2254 587 2337 aggeris
609 2254 870 2337 propugnacula
885 2254 1080 2319 contuendo
1091 2232 1221 2327 libbi

133 2354 278 2419 classem
308 2355 343 2419 in
370 2357 439 2419 imo
462 2362 623 2429 stantem,
655 2354 801 2436 contigit
823 2361 863 2417 ut
885 2354 1079 2420 molendino
1093 2329 1232 2369 mm

133 2455 269 2519 cuidam
292 2456 383 2538 quod
406 2463 509 2520 vento
527 2456 697 2536 agebatur
716 2453 926 2541 (cujusmodi
940 2456 976 2518 in
995 2454 1080 2520 villa

132 2555 192 2619 illa
220 2562 301 2620 sunt
327 2552 492 2640 plurima)
516 2556 821 2638 appropinquaret,
844 2549 941 2639 ²ejus
969 2574 1079 2637 equus

133 2657 280 2738 strepitu
296 2657 462 2734 velorum,
482 2656 622 2720 citatius
649 2656 932 2720 circumactorum
959 2675 1079 2720 aven·

135 2763 183 2831 to,
208 2757 358 2830 territus,
381 2757 462 2820 dum
487 2755 648 2839 progredi
672 2756 810 2837 refugit,
833 2763 869 2820 et
895 2775 917 2819 a
937 2775 1018 2838 rege
1040 2763 1080 2819 ut

134 2857 398 2940 progrederetur
426 2876 517 2920 nunc
548 2856 677 2939 flagelli
710 2855 802 2938 quod
830 2874 933 2920 manu
961 2862 1078 2938 gesta·

134 2958 194 3020 bat
217 2957 354 3033 ictibus,
377 2976 467 3021 nunc
494 2957 639 3021 subditis
665 2956 857 3022 calcaribus
886 2962 1078 3038 urgeretur,

134 3076 156 3121 a
173 3057 280 3121 latere
296 3057 432 3138 aggeris
449 3056 710 3139 propugnacula
726 3056 924 3121 transilivit.
967 3055 1079 3138 Super

135 3177 204 3240 quo
222 3156 406 3220 multitudo
423 3165 493 3220 tam
514 3158 669 3239 equitum
690 3177 794 3241 quam
815 3156 981 3240 pediturn,
998 3175 1076 3239 quae

134 3257 189 3322 vel
219 3277 333 3339 regern
362 3258 581 3339 sequebatur,
615 3256 670 3321 vel
700 3258 814 3339 ipsum
846 3257 964 3322 visura
997 3276 1079 3321 con·

133 3365 288 3434 venerat,
318 3350 468 3421 ³nemine
500 3354 594 3419 aliud
631 3356 803 3420 aestimare
846 3357 984 3421 valente
1014 3357 1079 3421 nisi

134 3457 226 3542 quod
249 3477 310 3521 rex
331 3457 406 3541 jam
430 3475 497 3520 non
522 3474 723 3537 comparens
745 3457 936 3539 praecipitio
957 3458 991 3520 in
1014 3457 1080 3521 hoc

134 3558 226 3622 saltu
240 3558 410 3640 periisset,
431 3558 548 3621 stabat
565 3555 749 3620 admodum
766 3556 980 3639 stupefacta3
1007 3557 1080 3634 sed,

134 3658 251 3723 divina
274 3658 478 3740 disponente
510 3656 649 3734 virtute,
678 3674 787 3738 equus
817 3675 839 3719 a
872 3661 972 3721 tanta
1001 3655 1080 3720 alti·

134 3759 253 3823 tudine
275 3758 311 3821 in
337 3758 395 3821 via
416 3776 519 3840 quam
545 3755 787 3839 descripsimus
822 3756 966 3838 pedibus
996 3757 1082 3821 reci·

134 3860 240 3944 pitur,
265 3858 300 3921 in
329 3877 398 3941 qua
426 3878 470 3921 ex
496 3864 632 3921 recente
666 3856 786 3939 pluvia
807 3856 1004 3939 aliqualiter
1024 3876 1081 3921 so·

171 4087 178 4118 ¹
196 4089 262 4138 ‘³³³-
278 4083 423 4147 ffloessiuml’
443 4086 529 4136 M:
547 4086 593 4135 but
655 4078 801 4146 ’‘cujns3'
819 4077 1048 4132 Umidum

132 4163 172 4211 M.
195 4159 246 4247 pud
265 4157 314 4208 Ar.
337 4162 386 4207 22⁰
407 4157 472 4207 bars
489 4159 591 4207 ‘nemo-
656 4152 795 4204 '‘nemine
817 4152 889 4202 aliud
912 4144 1082 4212 aestimsnts3¹

131 4247 197 4283 rum.
616 4224 663 4276 Ar.
