2896 4860
328 378 393 445 146
683 390 757 438 ure.
781 388 927 437 rnrvmr

328 571 447 638 pugna
470 551 687 633 gravissima,
715 569 736 613 a
764 569 863 613 mane
889 550 1071 615 commissa
1098 553 1278 636 usquead

328 672 518 737 vesperam.
571 651 732 715 Miranda
749 651 887 734 quidem
902 651 1025 727 relatu,
1049 659 1085 716 et
1100 651 1189 717 sorte
1211 653 1278 717 tide

328 755 557 820 censebuntur
573 752 728 834 indigna,
752 759 822 817 tam
845 751 949 834 longe
972 745 1112 835 ¹impari
1134 773 1276 819 numero

326 855 529 939 perdurasse
546 854 735 918 certamina
749 873 758 932 3
782 851 840 916 sed
856 872 976 916 revera
993 854 1064 917 Dnr
1081 853 1276 919 miserantis

325 955 552 1039 opitulatione
567 974 637 1017 non
654 952 895 1036 ambigendum
913 953 979 1018 hoc
994 972 1070 1018 esse
1087 963 1276 1038 patratum,

326 1077 403 1122 cum
435 1057 469 1119 in
506 1055 567 1120 illa
603 1053 658 1119 die
691 1055 828 1118 funesta
859 1061 1054 1119 nostrorum
1085 1056 1277 1122 corruerint

327 1176 416 1222 unus
444 1155 499 1220 vel
528 1156 597 1218 duo
624 1163 771 1233 tantum,
799 1153 992 1247 Turcornm
1020 1157 1276 1240 veroamplins

327 1277 429 1342 quarn
447 1257 667 1339 septingenti.

378 1357 487 1421 Porro
509 1378 552 1421 ex
573 1357 666 1420 illius
690 1356 801 1439 praelii
817 1356 1035 1438 fatigatione,
1054 1356 1276 1423 cadaverum·

327 1479 394 1542 que
427 1458 562 1535 foetore,
594 1458 685 1521 unde
721 1457 817 1521 locus
854 1465 1036 1541 corruptus
1069 1466 1123 1522 est
1152 1459 1202 1523 ita
1235 1468 1276 1525 nt

327 1560 466 1643 plurimi
490 1559 704 1633 morirentur,
721 1557 893 1623 Ricardus
920 1578 982 1623 rex
1002 1558 1123 1623 incidit
1142 1559 1178 1623 in
1199 1559 1273 1625 lan·

327 1652 496 1742 guorem.²
560 1657 799 1724 Invalescente
837 1666 953 1723 autem
991 1659 1195 1742 aegritudine
1226 1663 1275 1726 ni·

326 1762 444 1836 mium,
467 1779 529 1825 rex
552 1760 595 1824 de
620 1759 855 1842 recuperanda
882 1761 1031 1824 sanitate
1059 1754 1276 1843 ³desperatus

326 1870 389 1925 est.
436 1860 538 1925 Unde
554 1867 625 1925 tam
649 1860 806 1943 proeliis
826 1879 929 1942 quam
954 1881 1017 1944 pro
1040 1861 1155 1945 seipso
1174 1863 1276 1929 nimis

327 1961 464 2039 anxius,
493 1961 615 2026 maluit
642 1961 754 2025 minus
789 1962 1034 2026 inconveniens
1067 1961 1205 2045 eligere,
1236 1973 1276 2030 ut

326 2062 482 2127 inducias
514 2062 681 2144 exigeret,
709 2082 812 2145 quam
845 2062 875 2125 si
904 2062 1033 2127 infecto
1056 2065 1195 2145 negotio
1222 2085 1273 2130 re·

326 2162 450 2227 cedens
473 2172 599 2228 terram
627 2162 904 2246 depopulandam
926 2163 1065 2228 omnino
1090 2163 1274 2243 desereret,

325 2263 415 2328 sicut
437 2271 471 2328 et
495 2283 614 2327 omnes
640 2263 700 2327 alii
724 2263 888 2341 fecerant,
909 2263 984 2348 jam
1012 2266 1215 2331 catervatim
1238 2268 1275 2331 in

160 2383 315 2431 remeare
326 2364 473 2429 navibus
505 2366 681 2429 abeuntes.
733 2364 892 2429 Obtinuit
921 2366 1038 2447 itaque
1061 2384 1083 2429 a
1110 2365 1274 2432 Saladino

165 2433 305 2528 iiffiia'sth
325 2465 480 2530 inducias
504 2467 568 2529 sub
596 2465 661 2529 hac
687 2465 816 2529 forma:
846 2465 1016 2543 videlicet,
1043 2474 1084 2530 ut
1107 2464 1273 2548 Ascalon,

326 2585 404 2649 quae
426 2575 601 2650 superstes
621 2565 785 2630 Saladino
813 2567 936 2630 terrori
957 2573 1044 2644 erat,
1071 2567 1275 2649 dirueretur,

326 2686 348 2730 a
365 2667 459 2731 nullo
478 2668 653 2732 hominum
670 2666 862 2751 reparanda
879 2674 959 2732 ante
972 2667 1155 2733 terminum
1171 2671 1272 2735 trium

325 2786 493 2831 annorum
530 2768 573 2831 ad
615 2766 753 2833 Pascha
787 2769 983 2853 proximum
1019 2768 1275 2854 incipientium

326 2876 405 2949 post
433 2868 617 2932 triennium
648 2868 804 2951 quisquis
832 2863 1020 2951 ⁴superiori
1052 2870 1186 2952 vigeret
1216 2893 1275 2955 po

327 2969 448 3045 tentia,
473 2967 681 3034 Ascalonem
701 2975 896 3051 occuparet.
950 2970 1132 3035 Concessit
1159 2981 1274 3038 autern

326 3067 511 3132 Saladinus
543 3078 583 3133 ut
614 3068 730 3152 Joppe
762 3076 1026 3149 restauraretur,
1061 3071 1276 3141 Christicolis

325 3168 432 3233 libere
461 3177 496 3235 et
526 3169 641 3252 quiete
671 3169 907 3247 inhabitanda,
934 3190 1011 3235 cum
1035 3173 1196 3239 universa
1224 3196 1276 3240 re-

325 3269 427 3351 gione
460 3271 587 3348 vicina,
621 3264 802 3354 ⁵locisque,
836 3272 999 3335 maneriis
1028 3280 1064 3336 et
1092 3275 1273 3340 montanis.

326 3369 604 3435 confirmandam
631 3371 734 3435 etiam
759 3373 877 3435 sanxit
896 3378 932 3436 et
957 3372 1190 3439 inviolandam
1212 3394 1273 3460 pa·

326 3490 399 3535 cem
424 3472 513 3537 inter
537 3471 762 3537 Christicolas
788 3481 823 3538 et
850 3472 1053 3550 Saracenos
1071 3475 1274 3560 salvumque

325 3579 549 3658 utrorumque
566 3593 628 3657 per
642 3573 758 3638 omnia
780 3593 856 3638 esse
873 3581 1035 3652 meatum,
1058 3575 1151 3641 etad
1175 3596 1273 3643 sanc·

362 3801 369 3830 ¹
388 3802 495 3863 ‘impari
504 3796 519 3861 ς’
531 3803 644 3864 wanting
655 3802 680 3850 in
690 3802 728 3852 Μ.
738 3802 789 3851 and
848 3799 858 3830 ³
874 3801 1009 3863 ‘desperat
1019 3799 1036 3863 ;'
1054 3803 1092 3851 Μ.
1104 3819 1111 3852 :
1135 3803 1273 3868 ‘desperat

325 3871 372 3922 Ar.
815 3872 897 3924 Quem
910 3887 967 3922 cum
977 3867 991 3933 ;‘
1003 3872 1051 3922 Ar,

360 3940 370 3969 ²
387 3941 516 3994 ‘Quidam
527 3944 629 3992 morbus
641 3942 745 4006 pestifer
756 3958 788 3991 ex

325 4013 392 4061 neris
419 4015 577 4075 corruptione
612 4015 762 4075 proveniens
772 4014 789 4073 ;’
849 4009 1027 4075 ⁴‘superior3'
1040 4015 1079 4064 M.

325 4084 409 4145 linger
428 4085 457 4132 oi
477 4085 627 4146 wendover,
644 4085 681 4134 iii.
701 4100 726 4146 p.
746 4088 786 4133 64.

324 4154 450 4216 ‘Typhus
471 4162 525 4205 erat
547 4157 680 4206 continuus
688 4150 703 4214 ς’
731 4155 786 4204 llic.
848 4152 858 4182 ³
875 4155 1006 4216 ‘locisque
1018 4155 1149 4206 maritimis
1164 4163 1191 4207 et
1207 4172 1271 4207 mon·

327 4225 409 4274 Divis.
422 4241 448 4287 p.
460 4228 501 4274 69.
812 4226 879 4275 tanis
887 4226 903 4285 ς’
915 4226 953 4275 Μ.
964 4230 989 4275 et
999 4225 1046 4276 Ar.
