2896 4860
570 412 753 461 eunucus.
1070 395 1136 461 248

178 571 297 654 giuem
327 572 487 649 traxerit,
517 580 632 635 tamen
664 571 788 635 honam
823 577 955 634 naturae
983 569 1133 633 indolem
1146 585 1242 676 mtto

179 673 365 755 praeeeptis
391 672 647 754 Scriptus-arum
670 688 848 746 exercens,
870 669 1037 752 produxit
1057 671 1132 733 aui·
1244 662 1248 672 '

179 790 276 835 mum
303 791 520 854 generosum.
573 769 656 850 Qui,
682 789 761 834 cum
786 778 878 834 esset
903 770 1070 851 magister
1097 771 1133 832 in

178 872 328 950 artibus,
352 891 456 955 super
480 870 606 936 librum
636 868 871 934 Posteriorum
894 868 1134 951 compendiose

178 970 330 1055 scripsit.
382 971 570 1036 'tractatus
586 969 691 1035 etiam
711 970 753 1033 de
775 968 920 1052 Sphaera
937 969 1028 1033 etde
1046 968 1133 1034 Arte

178 1070 346 1155 compoti,
362 1071 541 1155 multaque
557 1069 627 1134 alis
646 1070 681 1133 in
699 1068 919 1152 philosophia
936 1069 1047 1146 utilia,
1064 1068 1133 1132 edi-

178 1169 245 1235 dit.
305 1171 440 1236 Doctor
470 1189 553 1236 vero
586 1170 622 1234 in
654 1168 781 1252 triplici
812 1168 933 1251 lingua
965 1168 1133 1246 eruditus,

183 1268 323 1348 latina,
353 1270 519 1348 Hebraea,
552 1278 588 1334 et
620 1267 755 1343 Graeca,
794 1268 904 1332 multa
934 1268 977 1332 de
1008 1269 1134 1351 glossis

181 1368 414 1435 Hebraeorum
436 1368 603 1446 extraxit,
625 1376 660 1433 et
682 1367 725 1432 de
741 1366 867 1432 Greeco
888 1368 997 1432 multa
1019 1378 1132 1433 trans·

180 1469 264 1535 ferri
278 1470 370 1547 fecit,
387 1478 426 1535 ut
441 1476 528 1553 puta
541 1469 803 1533 Testamentum
820 1467 998 1533 duodecim
1018 1467 1134 1532 Patri-

181 1569 366 1635 archarnm
403 1578 439 1635 et
471 1569 577 1634 libros
618 1568 790 1651 Dionysii,
827 1587 972 1651 quorum
1008 1586 1133 1632 novam

181 1669 445 1734 translationem
469 1667 645 1751 perlucide
668 1667 924 1733 commentarit.
971 1667 1043 1732 Hic
1068 1667 1134 1733 fra·

180 1776 254 1835 tres
271 1769 414 1846 ordinis,
436 1776 508 1833 tam
529 1767 801 1833 Praedicatorum
822 1785 925 1850 quam
948 1768 1133 1843 Minorem,

179 1869 319 1933 sincere
341 1868 487 1933 caritate
505 1867 729 1951 amplectens,
750 1886 810 1932 eos
830 1867 952 1932 habuit
975 1869 1135 1933 continue

184 1969 223 2033 in
245 1968 410 2033 comitiva
429 1987 507 2044 sua,
529 1966 670 2032 delicias
692 1974 896 2050 computans
918 1987 995 2032 cum
1018 1968 1068 2031 eis
1093 1968 1135 2031 de

180 2068 372 2152 Scripturis
396 2067 561 2133 conterre.
614 2066 694 2131 Pras
720 2068 843 2132 ceteris
867 2069 970 2133 etiam
991 2066 1252 2174 familiempe

182 2186 256 2233 rem
275 2168 398 2233 habuit
420 2168 560 2232 tratrem
583 2160 709 2232 ¹Adam
733 2168 776 2231 de
800 2167 951 2232 Marisco
972 2136 1246 2232 Bathoni-Mm'

181 2268 277 2333 ensis
304 2268 474 2345 dioecesis,
496 2267 626 2332 ordinis
649 2267 835 2344 Minorum,
859 2269 893 2331 in
916 2286 1017 2332 sacra
1038 2267 1135 2333 theo-

183 2366 280 2450 logie
303 2368 479 2433 doctorem
502 2367 665 2432 eximium
693 2375 729 2432 et
751 2368 938 2448 famosum
966 2369 1011 2431 oh
1035 2368 1134 2452 cujus

182 2466 401 2533 affectionem
418 2468 525 2532 libros
541 2486 624 2531 suos
641 2486 760 2531 omnes
781 2468 964 2531 conventui
991 2466 1134 2531 fratrum

185 2566 361 2632 itinerum
377 2567 526 2633 Oxouiae
548 2568 583 2631 in
604 2574 811 2632 testamento
832 2560 987 2649 legeuit.²
1040 2566 1133 2632 Huic

182 2666 284 2733 fratri
313 2667 427 2731 Adam
457 2667 656 2731 Bonifacius
682 2666 941 2732 Cantuarieusis
967 2667 1133 2750 archiepi-

182 2785 324 2851 scopus,
341 2775 507 2851 quassato
525 2767 655 2831 Eliensi
672 2767 795 2844 electo,
810 2767 961 2851 ejusdem
980 2767 1134 2831 ecclesiae

183 2867 335 2931 contulit
353 2867 598 2951 praesulatum:
622 2867 681 2930 sed
698 2867 929 2950 appellatione
943 2867 984 2930 ad
1003 2867 1131 2931 curiam

185 2966 381 3032 minanam
403 2960 635 3050 'interposita
657 2966 788 3030 electus
809 2968 1046 3050 episcopatum
1072 2968 1133 3031 oh·

184 3067 304 3145 tinuit,
333 3075 369 3132 et
397 3067 675 3150 archiepiscopus
705 3067 755 3131 sic
780 3067 975 3131 conferendi
1003 3068 1134 3150 episco-

183 3178 290 3251 patus
304 3167 453 3250 perdidit
468 3174 685 3250 potestatem.

239 3670 439 3736 Herculeus
469 3687 532 3733 rex
557 3665 697 3749 Angliae
724 3686 801 3730 cum
827 3668 947 3748 regina
972 3668 1137 3734 Alienora
1150 3686 1299 3785 ffiffidtget

184 3773 222 3837 in
256 3769 468 3836 vasconiam
508 3767 747 3843 transfretans,
787 3766 994 3831 Edwardum
1030 3770 1136 3833 filium
1151 3788 1294 3834 sommum·

1151 3839 1240 3878 nicanor
1249 3838 1272 3875 ot

1151 3889 1234 3929 Csstlle.

221 3959 231 3993 ¹
247 3960 299 4010 Fer
313 3958 354 4009 his
367 3958 454 4006 works
469 3972 512 4007 see
527 3957 648 4018 Wading‚
675 3956 719 4017 ing
727 3955 797 4004 these
810 3955 886 4003 MSS.
897 3956 921 4003 in
931 3956 973 4004 the
986 3957 1005 4004 F
1007 3958 1137 4005 runciscnu

184 4034 244 4085 Ost.
252 4030 345 4092 Script.
353 4027 418 4078 Ord.
426 4028 491 4076 Min.
500 4026 542 4076 ed.
551 4027 649 4087 Rumae,
674 4029 780 4073 convent
792 4031 818 4073 at
829 4024 937 4085 Orlord,
948 4041 991 4074 seo
1010 4026 1050 4074 his
1064 4027 1137 4074 Com·

185 4107 262 4163 18⁰6,
272 4101 353 4150 under
363 4098 407 4148 the
418 4097 489 4146 word
499 4098 507 4125 ‘
516 4091 617 4146 Adam!
674 4096 790 4144 meutarii
805 4095 837 4143 de
852 4096 944 4156 Script.
963 4096 1037 4156 urit,
1055 4092 1138 4144 llall's

221 4170 233 4201 2
247 4172 298 4221 Fer
310 4163 428 4219 laelaud’s
439 4168 556 4229 amusing
567 4166 647 4215 wrath
676 4166 717 4214 ed.
730 4181 755 4226 p.
766 4169 823 4214 28⁰.

185 4243 237 4295 aad
255 4241 471 4302 disappoinhneut
487 4239 512 4287 in
528 4241 571 4285 not
587 4236 649 4284 hud·
711 4232 723 4266 ⁸
738 4234 821 4284 ‘iacta
832 4231 1003 4297 interposita3‘
1016 4236 1082 4283 Mer
1092 4234 1138 4283 Ar,

955 4328 999 4371 aa
