2896 4860
568 415 747 462 artuicus.
1092 400 1134 463 17

182 586 260 631 cum
277 588 378 633 socru
393 588 457 634 sua
473 572 605 654 regina,
625 593 704 654 quae
726 575 806 637 dum
827 573 870 637 ad
893 573 1006 638 locum
1027 573 1132 637 alium

183 667 333 749 migrare
348 670 528 748 voluisset,
546 692 567 736 a
582 671 740 737 Galfrido
762 693 866 756 passa
889 674 1128 748 resistentiam,

182 777 306 832 coacta
319 771 422 833 estin
447 791 550 835 manu
572 773 725 855 ejusdem
753 793 875 837 nurum
900 768 1129 857 relinquere¹;

182 875 304 949 postea
321 877 436 934 tamen
452 873 524 952 regi
540 873 740 954 praedictam
755 874 947 956 reposcenti
967 875 1130 952 restituit,

180 966 374 1052 licetaegre.
427 969 515 1035 Cum
524 970 599 1036 haec
610 973 773 1036 oblivioni
783 973 911 1037 tradita
921 973 1131 1051 viderentur,

181 1067 272 1131 inter
306 1069 394 1134 alios
428 1090 598 1154 proceres,
636 1073 696 1155 qui
725 1072 837 1138 edicto
868 1072 1006 1154 publico
1038 1073 1130 1154 apud

181 1175 338 1234 sanctum
354 1167 531 1235 Albanum
544 1179 790 1250 convenerant,
803 1173 965 1256 apparuit
977 1172 1033 1236 hic
1047 1172 1133 1237 Gal-

181 1266 311 1350 fridus3
351 1290 453 1352 quem
484 1291 547 1335 rex
575 1272 668 1336 illico
693 1272 940 1354 indignationis
962 1272 1045 1336 loris
1069 1272 1130 1336 ad·

181 1368 352 1447 strictum,
379 1390 447 1434 non
470 1379 551 1436 ante
572 1371 702 1436 dimisit
722 1372 879 1448 liberum,
903 1391 1006 1453 quam
1038 1371 1130 1435 Lon·

180 1467 380 1534 doniensem
394 1477 535 1548 turrem,
552 1472 771 1555 reliquasque
786 1491 872 1555 quas
888 1472 999 1535 tenuit
1019 1474 1131 1536 muni·

180 1567 304 1646 tiones,
352 1571 559 1635 satellitibus
603 1572 707 1654 regiis
748 1572 950 1654 resignaret.
1028 1570 1132 1636 Liber

180 1675 297 1732 antem
325 1668 450 1748 factus,
478 1672 633 1754 ingentia
660 1672 805 1736 metiens
832 1672 959 1754 animo,
986 1671 1132 1736 collecta
1228 1694 1231 1698 ’

179 1767 411 1851 improborum
434 1791 536 1835 manu
560 1772 596 1834 iu
619 1772 862 1836 monasterinm
886 1759 1131 1835 ²Ramesie‘nse

180 1867 334 1948 invasit;
367 1876 414 1947 et,
435 1871 590 1954 expulsis
612 1871 801 1948 monachis,
823 1871 865 1934 de
891 1870 1037 1935 ecclesia
1057 1890 1132 1935 cas-

181 1974 272 2032 trum
290 1968 432 2047 iaciens,
443 1964 570 2052 ⁸primo
588 1970 1131 2055 crebrisirruptionibusviciuam

179 2065 358 2133 infestavit
374 2070 597 2151 provinciam,
612 2089 653 2134 ac
669 2073 714 2135 ex'
732 2090 892 2136 successu
903 2070 1039 2134 demum
1050 2089 1131 2134 con·

181 2176 283 2250 cepta
304 2168 430 2233 fiducia
452 2170 674 2252 progrediens
698 2171 848 2252 longius,
874 2190 989 2252 regem
1016 2171 1130 2252 ipsum

180 2270 361 2347 exterruit,
379 2276 414 2333 et
438 2270 614 2335 acerrimis
631 2263 846 2334 ⁴insultando
870 2270 1132 2335 excursionibus

178 2367 351 2451 fatigavit.

232 2468 313 2534 Rex
338 2470 562 2548 Francorum,
595 2481 716 2535 contra
742 2471 901 2535 comitem
931 2469 1130 2552 Campaniae

181 2568 417 2634 Theobaldum
434 2570 561 2635 ducens
578 2571 780 2646 exercitum,
796 2566 1005 2634 ⁶Vitriacum
1021 2570 1129 2651 cepit;

181 2668 282 2753 cujus
297 2689 463 2735 succensa
478 2671 635 2747 ecclesia,
651 2671 790 2752 plurimi
814 2671 850 2734 in
876 2688 918 2732 ea
937 2670 1131 2751 consumpti

181 2776 263 2833 suut
276 2770 365 2852 igne.
420 2769 499 2834 Rex
520 2780 635 2834 autem
660 2777 810 2834 castrum
834 2770 918 2833 illud
939 2769 1056 2850 nepoti
1073 2789 1130 2833 co·

182 2869 289 2946 mitis,
303 2890 404 2952 quem
422 2877 567 2951 patruus
589 2871 677 2935 alias
697 2870 903 2954 patrimonio
921 2869 1130 2952 privaverat,

179 2970 339 3035 contulit.

232 3069 437 3135 Innocentio
466 3090 558 3154 papa
591 3071 656 3136 hoc
686 3090 777 3135 anno
807 3069 981 3146 defuncto,
1015 3070 1288 3167 sepul-gygantu-

182 3178 288 3253 toque
314 3171 351 3234 in
379 3169 526 3235 ecclesia
556 3170 792 3249 Lateranensi,
826 3171 862 3233 in
892 3169 1023 3233 concha
1054 3188 1133 3252 por·
1192 3153 1197 3166 ⁸

180 3270 336 3355 phyrica,
351 3290 454 3353 opere
472 3271 557 3334 miro
573 3272 720 3354 sculpta,
735 3269 944 3334 Coelestinus
962 3268 1132 3332 secundus

181 3371 360 3448 successit,
385 3371 446 3453 qui
467 3391 583 3453 regem
606 3371 816 3436 Lodovicum
840 3369 884 3433 ad
910 3388 1029 3451 pacem
1052 3388 1133 3433 con·

182 3471 403 3553 cordiumque
438 3469 585 3535 reduxit.
654 3470 773 3549 Fulco,
803 3489 865 3533 rex
901 3468 1133 3545 Hierusalem,

183 3570 343 3636 venando
362 3589 452 3652 equo
471 3571 589 3652 lapsus
608 3571 750 3647 interiit,
775 3569 830 3633 cui
851 3568 942 3633 filius
959 3569 1035 3653 ejus
1053 3569 1135 3632 Bal-

184 3670 340 3736 dewinus
354 3671 532 3735 successit.

220 3892 228 3922 ¹
239 3891 330 3940 ‘aliter
349 3904 399 3938 non
415 3888 539 3951 permissa
553 3888 623 3938 abire
632 3882 646 3947 ς’
671 3879 673 3882 ’
708 3884 881 3935 “insultibus
892 3881 908 3946 ;’
919 3885 958 3934 Μ.

183 3963 230 4058 Μ’
241 4029 435 4079 ‘Bhemesiense
445 4024 459 4091 3'
477 4029 516 4079 M.
708 4023 719 4053 ⁸
740 4024 879 4074 vitriacum
898 4024 1049 4074 ‘castellum
1065 4019 1078 4086 ;’
1097 4026 1136 4074 M.

220 4099 399 4163 ’‘percrebrir
409 4094 423 4159 3’
441 4094 510 4148 ΠΛ.
675 4098 802 4146 ‘matrum
815 4091 828 4156 ;’
841 4094 887 4144 Ar.
