2896 4860
345 387 411 452 270
707 401 781 450 uic.
800 401 948 449 rntvnrr
1201 393 1218 426 ⁹

183 582 292 629 Thetim
348 561 428 626 Rex
443 568 558 625 autem
577 560 657 625 illuc
672 579 871 643 properans,
886 560 922 623 in
936 561 1089 626 crastino
1101 561 1136 626 S.
1149 563 1172 627 J
1176 564 1298 627 oannis

184 632 295 721 iiii-⁰⁸⁰
303 635 326 671 ²⁰
348 661 519 744 Baptistae
535 660 747 725 obsidionem
765 660 882 743 posuit
896 661 988 724 circa
1002 669 1166 727 castrum.
1217 663 1297 742 Qua

184 732 283 822 iiidie.
346 761 494 826 durante
520 781 582 825 rex
607 778 773 843 personas
795 754 988 824 ¹dnodecim
1006 761 1088 843 eligi
1110 761 1203 838 fecit,
1220 764 1297 844 qui·

346 862 411 925 bus
433 862 604 926 commisit
618 869 659 925 ut
674 860 895 943 providendae
918 861 996 942 paci
1016 862 1109 944 regis
1132 869 1167 927 et
1188 864 1297 944 regni,

346 960 453 1025 latam
480 962 516 1023 in
546 959 773 1025 exheredatos
798 961 1005 1030 sententiam
1028 961 1298 1041 moderarentur,

342 1059 570 1144 jurejurando
591 1060 764 1142 spondens
784 1079 822 1123 se
842 1079 959 1123 eorum
972 1054 1223 1126 ²ordinationes
1237 1080 1300 1144 per

184 1176 328 1218 neuneu
347 1161 463 1224 omnia
478 1167 706 1225 servaturum.
751 1158 1003 1224 Convenientes
1018 1160 1125 1242 igitur
1141 1181 1297 1244 personae

184 1227 325 1318 ἷίἶῗῖιίῗὲιῖιῖἶί
347 1259 467 1324 electae
497 1260 590 1342 apud
626 1258 868 1324 Goventreiam
895 1260 1049 1323 unanimi
1072 1259 1299 1326 decreverunt

185 1328 288 1417 tiliis
348 1379 502 1436 assensu,
516 1369 556 1425 ut
573 1358 772 1424 exheredati
792 1377 896 1442 poena
918 1359 1115 1441 pecuniaria
1136 1380 1218 1425 suas
1240 1361 1299 1425 be·

183 1428 298 1476 'mm'
348 1460 513 1523 reditates
531 1459 736 1524 redimerent
751 1461 796 1556 ab
813 1459 865 1522 his
886 1459 945 1542 qui
966 1479 1025 1523 eas
1042 1468 1298 1543 occupaverant

347 1558 439 1623 dono
455 1560 568 1640 regis3
591 1559 641 1622 ita
664 1566 779 1623 temen
800 1558 893 1642 quod
916 1559 990 1622 haec
1009 1559 1198 1642 redemptio
1219 1581 1298 1643 pro·

348 1666 473 1724 ventus
488 1658 716 1724 hereditatum
730 1659 766 1722 in
785 1660 1002 1741 septennium
1022 1678 1090 1723 non
1104 1660 1297 1738 excederet,

349 1778 412 1822 nec
430 1759 531 1821 unius
558 1759 639 1822 enni
659 1759 882 1841 proventibus
899 1760 1011 1823 minor
1026 1766 1137 1839 esset3
1161 1760 1221 1823 sed
1244 1761 1297 1823 in·

350 1867 405 1922 tra
422 1858 484 1922 bos
502 1865 664 1922 texerent
686 1859 848 1924 terminos
865 1859 1052 1923 secundum
1069 1860 1298 1941 quantitatem

349 1957 476 2022 delicti.
526 1956 583 2023 Ab
601 1957 666 2022 hac
692 1966 807 2022 tamen
828 1958 1062 2041 redemptione
1081 1959 1142 2022 filii
1164 1959 1299 2024 comitis

350 2057 510 2140 Symonis
539 2065 575 2121 et
601 2055 776 2123 Robertus
802 2078 916 2123 comes
942 2058 1132 2135 Derebeiae,
1154 2078 1299 2140 quornm

349 2157 652 2223 exheredationem
677 2166 885 2223 censuerunt
909 2157 982 2222 sore
1004 2164 1217 2240 perpetuam,
1240 2178 1299 2223 ex-

350 2257 547 2322 cluduntur.
582 2257 652 2336 Qui
668 2265 783 2322 autem
800 2259 903 2323 modo
919 2265 1114 2341 praetaxato
1130 2258 1300 2323 multandi

349 2365 465 2422 essent
482 2358 638 2440 pecunia,
655 2358 684 2421 si
703 2365 861 2422 taxatam
876 2357 1143 2439 redemptionem
1165 2359 1299 2423 solvere

350 2456 543 2539 nequirent,
572 2465 680 2521 terras
707 2476 789 2521 suas
817 2458 853 2522 in
882 2459 1039 2521 manibus
1064 2476 1300 2540 possessorum

350 2557 593 2639 relinquerent,
624 2575 805 2640 quousque
830 2555 874 2620 de
906 2576 1023 2621 earnm
1052 2557 1222 2620 fructibus
1247 2578 1300 2622 re·

192 2672 325 2713 sentirent
348 2655 503 2739 ,demptio
540 2656 725 2721 levaretur.
793 2655 954 2721 Gastmm
984 2657 1027 2721 de
1062 2655 1301 2723 Kenilworthe

189 2723 303 2813 i'eiffif'n'
351 2763 433 2821 ante
449 2755 614 2821 Natalem
631 2749 823 2838 ⁸[Domini]
839 2757 913 2839 regi
932 2756 1102 2820 redditum
1117 2764 1182 2833 est,
1196 2777 1301 2840 penu-

352 2856 405 2919 ria
431 2856 630 2921 victualium
653 2856 892 2939 compellente,
916 2857 990 2921 vita
1017 2863 1053 2922 et
1075 2858 1236 2921 membris
1260 2876 1301 2922 ac

352 2954 558 3037 supellectili
595 2957 789 3020 necessaria
826 2955 878 3020 bis
909 2956 970 3040 qui
1003 2964 1185 3022 tenuerant
1215 2957 1301 3021 illud

353 3055 473 3119 salvis.

404 3153 594 3218 Multitudo
619 3154 880 3232 Saracenorum,
907 3175 968 3237 per
993 3175 1087 3221 mare
1112 3156 1148 3219 in
1171 3155 1303 3239 Hispa·

355 3253 446 3317 niam
478 3254 627 3331 veniens,
658 3253 864 3319 Christianis
894 3255 1012 3320 intulit
1036 3275 1196 3338 magnam
1229 3257 1305 3338 pla-

353 3371 445 3435 gam,
462 3373 541 3436 qnae
562 3361 677 3418 temen
699 3362 823 3437 postea
843 3374 911 3419 non
927 3354 1001 3419 sine
1016 3355 1126 3419 multa
1140 3355 1305 3421 effusione

353 3453 534 3536 sanguinis
552 3461 607 3520 est
623 3454 770 3520 devicte.
810 3454 969 3532 Carolus,
987 3455 1114 3519 Siciliae
1130 3474 1205 3533 rex,
1222 3463 1304 3520 ente

355 3552 592 3618 Beneventum
618 3555 739 3637 praelio
764 3554 919 3619 decertat
939 3574 1016 3618 cnm
1041 3554 1244 3631 Manfred03
1269 3563 1305 3621 et

353 3651 431 3734 ipso
445 3673 524 3718 cnm
539 3653 696 3736 plurimis
712 3654 790 3720 aliis
806 3655 934 3732 occiso,
954 3654 1073 3719 multis
1095 3655 1199 3719 etiam
1221 3675 1305 3738 cap·

355 3752 411 3829 tis,
443 3754 624 3818 victoriam
655 3755 788 3819 obtinet
819 3762 855 3818 et
885 3753 1105 3837 triumphum.
1162 3754 1304 3820 Mortuo

355 3850 552 3917 Godetiedo
584 3854 841 3937 archiepiscopo
871 3853 1092 3931 Eboracensi,
1117 3855 1305 3920 translatus

389 4059 396 4089 ¹
414 4061 527 4112 Omitted
538 4063 565 4111 in
576 4064 623 4114 Ar.

387 4129 397 4158 ¹
414 4132 615 4182 ‘ordinationem
623 4134 641 4196 ;’
658 4134 712 4183 M.:
730 4134 812 4183 ‘ordi·
872 4129 882 4159 ¹
898 4132 1033 4182 ‘Domini’
1045 4135 1068 4183 ie
1079 4133 1142 4182 from
1152 4134 1220 4184 ott.

352 4216 408 4250 nem
418 4198 432 4262 ;‘
446 4199 515 4251 n'l.
