2896 4860
573 403 750 454 turinnes.

199 591 331 629 minuc.
426 588 449 624 Ρ.
463 588 624 624 sentuosum
638 590 663 626 e.
725 597 729 603 '
777 592 927 627 FRANCORUM
969 591 1107 627 ANGLORUM

217 677 316 714 noxus.
363 675 510 715 innocentii
523 675 552 711 ιι.
581 675 693 713 musam
706 675 734 712 u.
767 677 881 713 sonorior
892 678 938 716 vn.
975 678 1097 714 sreennnt

437 735 477 782 la.
649 738 675 783 ὅ.
841 739 865 784 ⁶.
1029 739 1054 785 7.

231 890 317 955 Rex
333 889 564 968 srnrnnnos,
583 890 674 972 apud
695 889 887 957 wiltonam
907 893 1131 958 munitionem

177 998 395 1066 construens,
410 990 760 1073 repentina'hostium
779 992 969 1075 irruptione
991 992 1132 1073 fugatus

180 1097 246 1168 est,
272 1091 428 1173 plurimis
450 1109 590 1156 suorum
612 1091 758 1155 amissis.
786 1090 920 1174 Captus
937 1099 990 1156 est
1006 1092 1132 1156 ibidem

180 1191 274 1275 regis
291 1189 423 1273 dapifer
444 1190 640 1255 Willelmus
661 1203 891 1273 cognomento
919 1186 1133 1268 ¹Marcellus,

181 1292 240 1376 qui
260 1311 323 1374 pro
343 1290 574 1372 redemptione
595 1293 749 1373 corporis
768 1293 822 1354 sui
844 1290 1134 1356 Schireburnense

181 1391 363 1456 castellum
392 1390 506 1454 nobile
527 1391 729 1473 resignavit.
783 1391 912 1457 Eodem
939 1410 1043 1469 anno,
1065 1392 1132 1455 for-

182 1499 268 1557 tuna
285 1489 498 1572 retrograda,
513 1509 575 1554 rex
591 1490 840 1574 imperatricem
860 1493 895 1555 in
916 1491 1057 1556 Oxonia
1075 1511 1136 1573 per

184 1610 321 1657 menses
347 1591 480 1674 aliquot
504 1590 681 1655 obsidione
702 1591 881 1656 conclusit.
934 1591 1034 1671 Quae,
1059 1591 1133 1655 diu·
1148 1607 1238 1648 nanno·

184 1693 268 1758 tinae
288 1691 476 1756 obsidionis
495 1683 673 1772 'angustia
690 1691 883 1773 impatiens,
904 1712 948 1756 ex
971 1691 1135 1775 temporis
1148 1667 1233 1758 iiiii-⁹⁸
1246 1656 1272 1705 δ’

183 1792 353 1876 qualitate
370 1790 585 1855 occasionem
609 1790 702 1872 fugae
725 1799 839 1870 nacta,
859 1793 970 1856 noctis
993 1799 1028 1855 et
1048 1791 1136 1855 nivis

185 1891 363 1968 beneficio,
394 1891 430 1954 in
460 1898 557 1955 veste
593 1891 673 1954 alba
712 1885 953 1956 ⁸Thamensem
994 1890 1136 1955 fluvium

186 2009 306 2056 crassa
331 1991 443 2072 glacie
464 1990 601 2055 transiit
622 1998 885 2073 superstratum,
907 1992 1025 2073 sicque
1049 1991 1138 2073 peri-

185 2091 302 2158 culum
316 2090 467 2155 evadens
480 2092 516 2155 in
532 2091 609 2155 loca
624 2110 661 2155 se
677 2091 855 2156 transtulit
871 2092 1009 2157 tutiora.
1044 2090 1137 2169 Rex,

186 2192 316 2275 oppido
328 2198 443 2273 capto,
454 2209 684 2273 successuque
694 2190 808 2255 factus
819 2190 971 2270 hilarior,
985 2190 1137 2275 priorum

187 2294 283 2357 visus
300 2298 355 2355 est
368 2298 550 2355 eventuum
565 2290 761 2374 aliqualiter
775 2291 922 2356 dedecus
944 2290 1136 2356 detersisse.

249 2389 656 2472 Constantinopolitanus
675 2392 862 2473 imperator
880 2390 1060 2467 Emanuel,
1075 2392 1136 2455 ob-

189 2509 285 2555 sessa
303 2490 502 2573 aliquandiu
520 2487 718 2569 Antiochia,
735 2510 820 2574 pace
837 2490 1021 2554 saetacum
1043 2491 1136 2572 prin-

187 2591 277 2674 cipe,
309 2591 485 2655 civitatem
517 2589 670 2655 intravit.
724 2589 848 2655 Multis
873 2589 995 2655 deinde
1027 2590 1138 2673 captis

189 2691 371 2774 praesidiis,
406 2690 488 2754 dum
518 2690 696 2754 venationi
727 2690 912 2768 insisteret,
952 2710 1138 2773 arcumque

190 2790 409 2855 vehementer
422 2788 589 2868 tenderet,
611 2809 633 2854 a
655 2791 841 2874 semetipso
865 2792 996 2873 sagitta
1018 2791 1137 2855 vulne·

190 2898 289 2956 ratus
314 2890 471 2955 toxicata
493 2891 527 2953 in
549 2909 652 2954 manu
675 2891 828 2970 sinistra,
848 2891 1059 2974 defungitur,
1085 2911 1137 2954 re·

189 2991 272 3055 licto
290 2990 360 3054 filio
379 2989 547 3053 Emanuel
565 3009 772 3054 successore.

241 3090 423 3155 Dissensio
446 3090 537 3154 inter
561 3109 687 3174 papam
717 3110 900 3173 regemque
927 3091 1140 3154 Francorum

190 3199 316 3256 exorta
343 3198 408 3267 est,
436 3190 518 3273 quia
545 3191 716 3273 quendam
743 3191 886 3255 Petrum
908 3191 1046 3254 nomine
1067 3190 1141 3253 sine

191 3310 335 3355 assensu
350 3291 447 3372 regio
465 3291 716 3355 Bituricensem
734 3289 1027 3374 archiepiscopum
1049 3289 1140 3353 ordi·

192 3391 302 3468 navit,
316 3410 419 3474 quem
436 3391 551 3454 sedem
569 3409 668 3454 suam
693 3391 874 3455 adeuntem
898 3410 958 3454 rex
982 3389 1140 3453 exclusit.

194 3489 371 3576 Receptus
393 3498 507 3555 temen
532 3498 586 3555 est
607 3509 629 3554 a
652 3490 777 3555 comite
800 3489 1001 3574 Campaniae
1027 3488 1141 3553 Theo·

192 3591 316 3670 bald03
340 3589 593 3674 propterquod
618 3610 679 3654 rex
699 3591 818 3655 comiti
843 3590 1006 3666 offensus,
1029 3589 1141 3672 ipsum

192 3691 378 3773 plurimum
396 3690 612 3755 molestabat.

229 3932 238 3964 ¹
249 3929 417 3997 ‘Martellus,‘
426 3930 526 3985 Min
535 3935 659 3998 margine,
698 3954 705 3966 ·
717 3930 728 3961 ⁸
738 3930 903 3996 ‘angtrstiae3’
926 3929 1010 3982 Did:
1040 3930 1145 3981 omitted

192 4004 383 4056 munerea
681 4006 707 4054 in
719 4005 758 4055 M.

715 4069 926 4134 ⁸‘'l'bamesem3'
947 4068 1015 4122 D'A.
