2896 4860
565 413 747 463 lunense.
1067 401 1131 466 171

178 569 430 637 Normanniam
462 572 664 655 ingreditur,
697 581 733 637 et
758 567 1011 657 ¹Radip0ntem
1041 575 1133 639 obsi-

177 671 276 750 dens,
303 675 426 738 erectis
449 694 512 757 per
533 673 711 738 circuitum
736 675 887 738 turribus
913 675 1048 756 ligneis„
1070 696 1133 740 ex·

177 774 349 856 pugnavit
385 780 420 839 et
457 774 568 858 cepit;
606 782 756 840 castrum
794 794 932 857 quoque
962 774 1133 853 Gailardi,

179 873 273 956 quod
295 875 331 937 in
355 874 494 939 excelsa
522 895 608 958 rupe
633 895 737 959 super
764 875 961 958 Sequanam
986 875 1134 941 fortissi-

178 992 273 1037 mum
312 994 376 1038 rex
413 975 586 1040 Ricardus
622 975 831 1053 firmaverat,
868 995 932 1040 sex
964 977 1134 1040 mensium

178 1074 357 1139 obsidione
372 1075 521 1157 subegit.

232 1173 314 1239 Hoc
328 1195 431 1253 anno,
450 1184 489 1240 ut
511 1196 533 1240 a
554 1176 728 1260 plerisque
746 1177 904 1254 traditur,
922 1178 1030 1262 coepit
1047 1177 1134 1242 Tar·
1147 1201 1298 1252 osanna·

180 1281 335 1339 tarorum
361 1275 571 1356 dominium3
599 1279 658 1359 qui
682 1279 746 1343 sub
767 1280 941 1344 montibus
965 1278 1075 1343 Indiae
1098 1254 1241 1343 inm*

179 1376 321 1458 regione
345 1376 495 1441 Tartara
529 1379 721 1454 constituti,
754 1378 1056 1443 dominumsuum
1083 1400 1134 1443 rc·

180 1495 258 1558 gem
290 1475 400 1541 Indiae
427 1477 542 1542 David
566 1478 714 1554 nomine,
737 1478 846 1541 lilium
870 1478 1017 1543 Joannis
1044 1500 1136 1562 pres-

181 1578 304 1659 byteri,
334 1578 541 1656 occidentes,
568 1579 612 1643 ad
639 1577 930 1660 depraedationem
960 1599 1137 1662 processe·

180 1685 263 1741 runt
280 1677 428 1742 aliarum
445 1687 622 1742 terrarum.

223 2193 439 2259 Aarrsuaus
456 2192 668 2274 Rothomagi
685 2192 841 2268 moritur,
855 2190 898 2255 de
913 2191 1013 2274 cujus
1028 2200 1270 2261 mortennani

184 2314 300 2377 regem
324 2292 496 2358 Joannem
518 2292 657 2375 quidam
682 2292 757 2376 ejus
781 2290 896 2355 aemuli
917 2291 1137 2357 infamarunt.
1149 2272 1238 2362 iffi.

185 2392 256 2475 Qui
277 2413 348 2458 non
365 2393 474 2457 multo
491 2400 571 2475 post
589 2392 724 2458 obsides
745 2393 849 2455 etiam
868 2391 1138 2468 Pictavensium,

183 2495 421 2560 infidelitatem
461 2513 579 2557 eorum
627 2499 802 2575 expertae,
841 2492 923 2556 fecit
962 2492 1137 2575 suspendi.

186 2595 369 2680 Philippus
383 2613 465 2658 vero
480 2613 541 2657 rex
560 2613 582 2656 a
598 2593 722 2675 coeptis
740 2613 809 2658 non
827 2593 1008 2668 desistens,
1023 2602 1139 2657 castra

186 2696 423 2763 Narmannica
441 2693 681 2770 Andeliacum,
697 2687 861 2758 ²Conchis
878 2692 920 2756 dc
942 2693 1041 2757 Valle
1065 2694 1137 2757 Ro-

185 2797 281 2875 dolii,
310 2794 565 2877 Falesiamque,
597 2801 632 2858 et
661 2795 924 2859 Domol'rontem
954 2813 995 2857 ac
1027 2792 1137 2858 Cadu-

186 2918 278 2963 mum
302 2896 530 2979 expugnavit,
559 2902 755 2978 terramque
781 2902 890 2959 totam
918 2895 1137 2977 circumposi-

184 3006 256 3065 tam
288 3016 399 3080 usque
432 2995 475 3059 ad
508 2994 664 3060 Mentem
694 2996 730 3060 S.
753 2994 934 3059 Michaelis
964 2995 999 3058 in
1037 3013 1136 3058 suam

185 3099 349 3165 ditionem
375 3095 518 3178 accepit.
582 3095 775 3160 Normanui
810 3096 899 3158 enim
924 3114 946 3158 a
972 3093 1137 3159 fidelitate
1150 3110 1195 3150 The
1204 3110 1257 3149 Nor·

185 3201 275 3284 regis
288 3198 426 3280 Angliae
443 3189 670 3274 ⁸deficientes,
686 3197 907 3279 favoremque
923 3195 1014 3277 regis
1028 3196 1136 3259 Fran·
1148 3161 1301 3312 ffi'eii'e'dii

185 3320 303 3367 corum
328 3305 536 3382 quaerentes,
558 3297 717 3362 civitates
737 3305 771 3362 et
791 3307 907 3361 castra
926 3315 999 3360 suae
1022 3305 1135 3361 custo·
1203 3291 1208 3302 '

185 3403 251 3466 diae
277 3399 460 3464 commissa
482 3398 557 3463 sine
580 3397 652 3462 ulla
677 3398 872 3461 resistentia
892 3396 1132 3474 reddiderunt;

186 3500 359 3576 uidelicet,
411 3499 662 3578 Constantiam,
720 3497 880 3574 Baiocas,
937 3498 1135 3575 Lixovium,

186 3601 358 3669 Abrincas
382 3618 460 3663 cum
482 3600 688 3663 suburbanis
708 3605 743 3662 et
761 3599 873 3680 pagis.
924 3591 1063 3681 ⁴ltaque
1082 3599 1134 3662 ni-

186 3702 233 3769 bil
250 3702 326 3784 regi
342 3700 480 3782 Angliae
493 3700 528 3762 in
545 3699 770 3776 Normannia,
794 3699 972 3763 fraudibus
994 3718 1135 3764 suorum

187 3822 263 3869 ase
279 3801 443 3876 alienata,
467 3801 641 3877 remansit,
665 3801 822 3884 exceptis
842 3801 982 3864 civitate
1000 3799 1137 3864 Rotho·

187 3902 280 3985 magi
306 3909 341 3965 et
363 3900 496 3964 duobus
522 3902 643 3964 eastris
675 3900 841 3965 Vernolio
868 3907 973 3983 atque
999 3899 1136 3965 Auchis.

221 4107 373 4169 ¹'Arud13’
394 4106 462 4157 Aa:
487 4107 651 4169 ‘Arudipon-
710 4106 911 4159 ³‘desciveutes
920 4110 939 4170 ;’
950 4111 989 4160 M.
998 4115 1022 4159 et
1033 4109 1079 4159 Ar.

188 4185 236 4231 am
246 4175 261 4243 ς’
273 4180 314 4229 Μ.
710 4176 721 4208 ⁴
738 4179 746 4208 ‘
759 4180 869 4242 Jamque
892 4181 956 4230 nibil
976 4182 1029 4244 regi
1039 4177 1053 4243 3'
1077 4180 1140 4231 Aa:

221 4248 234 4279 ⁸
247 4248 385 4301 ‘concam
393 4243 407 4310 ς’
420 4249 458 4298 Μ.
471 4252 496 4297 et
507 4247 554 4298 Ar.
676 4250 761 4312 ‘regie
769 4246 786 4312 ;'
797 4251 837 4299 M.
