2896 4860
568 407 752 454 annuens.
1068 392 1131 455 141

179 560 270 626 diem
284 563 439 641 Sabbati,
456 563 556 647 cujus
573 563 657 627 hora
675 583 766 628 nona
785 564 949 627 terminus
965 573 1041 628 erat
1058 565 1134 628 red·
1145 576 1247 667 folieto!

179 662 301 727 dendae
320 664 436 740 turris,
458 672 493 727 et
509 663 664 746 praefatae
681 663 925 745 redemptionis
945 664 1133 729 solvendae.
1159 639 1217 677 ‘W'

182 760 331 844 Cognito
354 770 470 827 autem
486 764 578 844 regis
595 763 757 840 adventu,
776 772 881 828 ruunt
899 764 1004 827 Turci
1020 772 1133 828 cater-

183 864 289 926 vatim
307 864 345 927 in
360 862 459 926 littus
482 882 619 945 parmas
637 863 803 928 babentes
816 872 851 927 et
865 863 1013 942 ancilia3
1038 872 1074 928 et
1091 884 1133 928 ne

183 981 253 1043 qua
283 970 383 1046 parte
411 962 497 1026 liber
525 972 660 1046 pateret
683 964 936 1046 applicantibus
960 982 1132 1039 ascensus,

182 1061 375 1127 Turcornm
393 1061 626 1127 resistentium
644 1063 769 1146 pluunt
783 1063 983 1127 densissime
1000 1063 1133 1146 jacula,

183 1163 334 1245 sagittar,
357 1171 393 1227 et
414 1162 506 1245 pila:
540 1162 652 1228 servet
678 1164 777 1227 littus
803 1163 951 1227 obsitum
981 1162 1132 1228 hostium

185 1262 413 1340 multitudine,
433 1282 578 1345 quorum
601 1263 735 1346 equites
760 1262 963 1345 profundius
983 1263 1020 1326 in
1040 1283 1134 1328 mare

184 1382 222 1425 se
244 1364 395 1444 agebant
415 1365 571 1428 certatim
598 1364 733 1447 spicula
757 1363 907 1440 missuri,
930 1383 973 1427 ne
996 1363 1133 1445 quando

184 1470 326 1544 possent
359 1463 457 1527 littus
489 1483 659 1545 occupare
691 1462 838 1546 appulsi.
895 1462 982 1527 Cum
1017 1472 1132 1527 autem

184 1562 340 1626 nonnulli
360 1563 545 1628 suaderent
562 1563 636 1645 regi
654 1563 738 1626 nihil
758 1563 901 1627 ulterius
919 1562 1132 1640 tentandum,

184 1662 265 1744 quia
282 1669 335 1726 tot
349 1661 456 1726 millia
472 1661 623 1727 bostium
639 1663 765 1728 littoris
783 1662 914 1727 aditum
933 1664 1133 1727 asserebant

185 1761 441 1844 impossibilem,
457 1782 520 1828 nec
535 1763 695 1827 credibile
717 1782 793 1827 esse
817 1763 951 1845 aliquos
972 1764 1030 1845 qui
1048 1762 1130 1826 libe·

184 1868 343 1926 rarentur
365 1855 594 1945 ¹superstiteS,
623 1863 814 1945 praesertim
840 1882 917 1926 cum
931 1863 1006 1945 jam
1028 1861 1134 1925 'l'urci

185 1962 367 2025 terminum
389 1963 638 2044 praevenientes
662 1963 842 2045 proefixum
861 1981 882 2025 a
904 1980 1004 2026 mane
1018 1963 1134 2026 bizan-

187 2060 234 2124 tia
265 2063 457 2143 exigerent,
493 2069 527 2125 et
558 2062 778 2126 nihilominus
817 2069 897 2145 post
927 2061 1132 2127 solutionem

186 2162 379 2244 postposita
395 2160 559 2226 fidelitate
579 2156 753 2245 ²quosque
773 2162 1027 2241 interficerent3
1054 2183 1133 2228 ecce

184 2259 228 2323 ad
244 2280 360 2343 regem
377 2261 538 2325 sacerdos
555 2261 694 2344 quidam
710 2261 861 2325 natando
882 2263 1051 2344 pervenit,
1073 2265 1133 2346 qui

185 2361 220 2425 in
235 2361 372 2444 galeam
388 2361 479 2442 regis
495 2361 677 2439 admissus,
699 2362 823 2444 spiritu
846 2362 992 2443 fatigato
1010 2370 1044 2426 et
1061 2363 1133 2445 pal·

184 2461 318 2544 pitante
331 2461 444 2525 adhuc
461 2461 575 2536 corde,
593 2462 643 2526 ait
660 2462 702 2525 ad
723 2481 860 2543 regem:
888 2462 942 2525 ‘0
959 2482 1020 2526 rex
1037 2480 1133 2544 mag·

185 2561 297 2638 nilice,
322 2581 407 2643 gens
433 2559 570 2625 residua
596 2581 673 2645 qnae
702 2569 797 2625 tuum
822 2562 976 2644 adspirat
1005 2559 1133 2625 adven·

99 2674 105 2682 ·
186 2669 270 2737 tum,
293 2680 393 2725 enses
414 2660 615 2725 lanistarum
636 2662 790 2726 vibratos
811 2662 1003 2726 cervicibus
1030 2680 1134 2744 oppe-

185 2762 272 2826 ritur
293 2761 435 2838 exertis,
457 2761 548 2825 sicut
562 2781 645 2825 oves
668 2761 849 2825 occisionis
871 2760 1018 2845 jamjam
1042 2762 1133 2842 peri·

186 2862 268 2939 turi,
299 2862 365 2926 nisi
393 2868 428 2926 te
457 2869 663 2944 cooperante
694 2861 861 2925 Divinum
884 2860 974 2925 adsit
998 2860 1133 2945 adjuto·

184 2961 295 3026 rium!
349 2960 415 3025 Cui
436 2981 511 3038 rex,
529 2960 647 3025 ‘Num
664 2968 821 3043 superest
838 2962 1046 3043 quisquaml
1072 2969 1134 3025 aut

186 3064 325 3127 ubinam
351 3054 475 3125 ³locil'
528 3061 593 3125 Cui
615 3060 793 3124 sacerdos:
814 3061 962 3138 ιΕῐίειιῐι,
985 3061 1133 3140 domine,

185 3181 301 3227 coram
321 3161 382 3225 illa
399 3162 485 3225 turri
502 3170 702 3225 coartantur
718 3160 794 3245 jam
819 3152 1002 3225 ⁴seriendi.’
1054 3159 1134 3240 Quo

185 3262 317 3339 andito,
334 3260 507 3337 ‘Pereat'
531 3261 644 3343 inquit
666 3280 741 3337 rex,
754 3267 764 3294 ‘
777 3260 878 3324 modo
892 3260 952 3343 qui
970 3280 1039 3325 non
1056 3281 1136 3344 pro·

185 3361 352 3425 cesserit!
388 3359 507 3425 Galeis
530 3354 655 3442 ⁶igitur
678 3361 768 3441 regis
791 3361 834 3423 ad
857 3360 933 3445 ejus
955 3360 1134 3444 imperium

186 3460 230 3526 ad
248 3461 348 3526 littus
366 3459 549 3543 propulsis,
571 3460 646 3543 ipse
671 3460 801 3541 primus
819 3461 921 3523 tibias
936 3460 1076 3524 inermis
1098 3482 1135 3526 se

186 3562 282 3626 misit
308 3560 343 3624 in
377 3579 472 3624 mare
502 3561 592 3642 pube
626 3567 750 3639 tenus;
784 3568 864 3641 post
893 3580 1008 3642 regem
1035 3562 1136 3644 primi

185 3668 286 3725 erant
305 3667 341 3724 et
358 3659 505 3742 proximi
527 3658 705 3724 Galfridus
730 3661 772 3724 de
796 3653 926 3724 ⁶Bosco
952 3669 987 3725 et
1010 3659 1135 3725 Petrus

184 3760 228 3825 de
255 3750 457 3824 ⁷Pratellis:
480 3759 543 3824 bos
568 3779 686 3824 omnes
708 3760 767 3823 alii
791 3761 1034 3842 sequebantur,
1060 3782 1137 3842 pro·

220 3991 229 4023 ¹
246 3994 321 4041 ‘esse
331 3993 480 4054 superstites
488 3991 505 4052 ;’
518 3993 557 4042 M.
709 3990 719 4019 ⁴
735 3996 743 4020 ⁴
756 3991 883 4054 finiendi;'
895 3993 943 4042 Ar.

219 4060 231 4090 ¹
245 4063 428 4124 ‘quoscunque
438 4057 451 4120 ς’
468 4063 507 4112 Μ.
518 4067 542 4111 rt
553 4062 600 4112 Ar.
709 4061 720 4090 ⁸
737 4059 853 4125 ‘igitur3‘
868 4065 981 4126 wanting
990 4065 1015 4112 in
1030 4059 1096 4114 n'l.

219 4129 230 4160 ⁸
244 4133 334 4181 ‘locus
341 4128 358 4192 ς’
370 4131 422 4180 M.:
434 4134 492 4181 ‘ant
504 4129 649 4191 nbilocus;'
709 4128 720 4159 ⁰
735 4133 837 4181 ‘Basco
848 4133 864 4194 ;'
878 4133 946 4182 D'A.

185 4203 233 4252 Ar.
709 4199 719 4230 ⁷
735 4203 881 4252 ‘Porcellis
892 4199 906 4264 ;’
926 4204 963 4252 M.
975 4208 998 4253 et
1011 4204 1056 4253 Ar.
