<?xml version="1.0" encoding="UTF-8"?>
<!DOCTYPE html PUBLIC "-//W3C//DTD XHTML 1.0 Transitional//EN"
    "http://www.w3.org/TR/xhtml1/DTD/xhtml1-transitional.dtd">
<html xmlns="http://www.w3.org/1999/xhtml" xml:lang="en" lang="en">
 <head>
  <title>
</title>
<meta http-equiv="Content-Type" content="text/html;charset=utf-8" />
  <meta name='ocr-system' content='tesseract 3.04.00' />
  <meta name='ocr-capabilities' content='ocr_page ocr_carea ocr_par ocr_line ocrx_word'/>
</head>
<body>
  <div class='ocr_page' id='page_1' title='image "./fnicholaitrivet01trivgoog_0179.png"; bbox 0 0 2896 4860; ppageno 0'>
   <div class='ocr_carea' id='block_1_1' title="bbox 325 397 1001 467">
    <p class='ocr_par' dir='ltr' id='par_1_1' title="bbox 325 397 1001 467">
     <span class='ocr_line' id='line_1_1' title="bbox 325 397 1001 467; baseline 0 -4"><span class='ocrx_word' id='word_1_1' title='bbox 325 397 390 467; x_wconf 84' lang='grc'><strong>148</strong></span> <span class='ocrx_word' id='word_1_2' title='bbox 688 415 759 463; x_wconf 83' lang='lat' dir='ltr'><strong>ruo.</strong></span> <span class='ocrx_word' id='word_1_3' title='bbox 778 415 924 463; x_wconf 80' lang='lat' dir='ltr'><strong>nervum</strong></span> <span class='ocrx_word' id='word_1_4' title='bbox 995 440 1001 450; x_wconf 86' lang='lat'><em>-</em></span> 
     </span>
    </p>
   </div>
   <div class='ocr_carea' id='block_1_2' title="bbox 327 572 1279 959">
    <p class='ocr_par' dir='ltr' id='par_1_2' title="bbox 327 572 1279 959">
     <span class='ocr_line' id='line_1_2' title="bbox 327 572 1278 658; baseline -0.001 -18"><span class='ocrx_word' id='word_1_5' title='bbox 327 575 495 658; x_wconf 89' lang='lat' dir='ltr'><strong>peratoris</strong></span> <span class='ocrx_word' id='word_1_6' title='bbox 510 583 546 638; x_wconf 89' lang='lat' dir='ltr'><strong>et</strong></span> <span class='ocrx_word' id='word_1_7' title='bbox 561 572 760 638; x_wconf 86' lang='lat' dir='ltr'><strong>Graecorum</strong></span> <span class='ocrx_word' id='word_1_8' title='bbox 779 596 918 641; x_wconf 88' lang='lat' dir='ltr'><strong>suornm</strong></span> <span class='ocrx_word' id='word_1_9' title='bbox 936 575 1137 652; x_wconf 83' lang='lat' dir='ltr'><strong>versutiam,</strong></span> <span class='ocrx_word' id='word_1_10' title='bbox 1155 575 1278 640; x_wconf 85' lang='lat' dir='ltr'><strong>nolens</strong></span> 
     </span>
     <span class='ocr_line' id='line_1_3' title="bbox 327 675 1278 760; baseline 0 -21"><span class='ocrx_word' id='word_1_11' title='bbox 327 676 374 739; x_wconf 90' lang='lat' dir='ltr'><strong>ibi</strong></span> <span class='ocrx_word' id='word_1_12' title='bbox 404 675 523 752; x_wconf 89' lang='lat' dir='ltr'><strong>videri,</strong></span> <span class='ocrx_word' id='word_1_13' title='bbox 552 695 630 740; x_wconf 91' lang='lat' dir='ltr'><strong>curn</strong></span> <span class='ocrx_word' id='word_1_14' title='bbox 655 676 776 758; x_wconf 88' lang='lat' dir='ltr'><strong>piratis</strong></span> <span class='ocrx_word' id='word_1_15' title='bbox 799 676 889 741; x_wconf 89' lang='lat' dir='ltr'><strong>sorte</strong></span> <span class='ocrx_word' id='word_1_16' title='bbox 912 676 1063 741; x_wconf 90' lang='lat' dir='ltr'><strong>inventis</strong></span> <span class='ocrx_word' id='word_1_17' title='bbox 1088 676 1278 760; x_wconf 87' lang='lat' dir='ltr'><strong>paciscens,</strong></span> 
     </span>
     <span class='ocr_line' id='line_1_4' title="bbox 327 776 1279 860; baseline -0.001 -20"><span class='ocrx_word' id='word_1_18' title='bbox 327 776 409 840; x_wconf 88' lang='lat' dir='ltr'><strong>dato</strong></span> <span class='ocrx_word' id='word_1_19' title='bbox 432 783 599 860; x_wconf 89' lang='lat' dir='ltr'><strong>quantum</strong></span> <span class='ocrx_word' id='word_1_20' title='bbox 623 776 884 858; x_wconf 82' lang='lat' dir='ltr'><strong>postulaverant</strong></span> <span class='ocrx_word' id='word_1_21' title='bbox 902 777 1017 854; x_wconf 92' lang='lat' dir='ltr'><strong>naulo,</strong></span> <span class='ocrx_word' id='word_1_22' title='bbox 1036 776 1154 859; x_wconf 76' lang='lat' dir='ltr'><strong>exegit</strong></span> <span class='ocrx_word' id='word_1_23' title='bbox 1171 779 1214 842; x_wconf 87' lang='lat' dir='ltr'><strong>ab</strong></span> <span class='ocrx_word' id='word_1_24' title='bbox 1228 777 1279 840; x_wconf 90' lang='lat' dir='ltr'><strong>eis</strong></span> 
     </span>
     <span class='ocr_line' id='line_1_5' title="bbox 330 876 1276 959; baseline -0.001 -18"><span class='ocrx_word' id='word_1_25' title='bbox 330 885 366 941; x_wconf 89' lang='lat' dir='ltr'><strong>ut</strong></span> <span class='ocrx_word' id='word_1_26' title='bbox 399 876 595 959; x_wconf 80' lang='lat' dir='ltr'>expeditius</span> <span class='ocrx_word' id='word_1_27' title='bbox 626 878 740 959; x_wconf 90' lang='lat' dir='ltr'><strong>ipsum</strong></span> <span class='ocrx_word' id='word_1_28' title='bbox 778 877 813 940; x_wconf 92' lang='lat' dir='ltr'><strong>in</strong></span> <span class='ocrx_word' id='word_1_29' title='bbox 851 883 978 942; x_wconf 86' lang='lat' dir='ltr'><strong>terram</strong></span> <span class='ocrx_word' id='word_1_30' title='bbox 1012 878 1276 942; x_wconf 82' lang='lat' dir='ltr'><strong>commodiorem</strong></span> 
     </span>
    </p>
   </div>
   <div class='ocr_carea' id='block_1_3' title="bbox 166 970 1277 1085">
    <p class='ocr_par' dir='ltr' id='par_1_3' title="bbox 166 970 1277 1085">
     <span class='ocr_line' id='line_1_6' title="bbox 166 970 1277 1085; baseline -0.015 -37"><span class='ocrx_word' id='word_1_31' title='bbox 166 993 308 1085; x_wconf 58' lang='lat' dir='ltr'><strong>gfdlffim</strong></span> <span class='ocrx_word' id='word_1_32' title='bbox 328 977 601 1041; x_wconf 83' lang='lat' dir='ltr'><strong>transveherent.</strong></span> <span class='ocrx_word' id='word_1_33' title='bbox 630 977 767 1041; x_wconf 88' lang='lat' dir='ltr'><strong>Relicta</strong></span> <span class='ocrx_word' id='word_1_34' title='bbox 779 970 901 1059; x_wconf 83' lang='lat' dir='ltr'><strong>¹igitur</strong></span> <span class='ocrx_word' id='word_1_35' title='bbox 913 978 1023 1042; x_wconf 90' lang='lat' dir='ltr'><strong>classe</strong></span> <span class='ocrx_word' id='word_1_36' title='bbox 1037 978 1144 1060; x_wconf 84' lang='lat' dir='ltr'><strong>regia,</strong></span> <span class='ocrx_word' id='word_1_37' title='bbox 1157 978 1277 1042; x_wconf 79' lang='lat' dir='ltr'><strong>habitu</strong></span> 
     </span>
    </p>
   </div>
   <div class='ocr_carea' id='block_1_4' title="bbox 165 1071 1281 1184">
    <p class='ocr_par' dir='ltr' id='par_1_4' title="bbox 165 1071 1281 1184">
     <span class='ocr_line' id='line_1_7' title="bbox 165 1071 1281 1184; baseline 0.001 -43"><span class='ocrx_word' id='word_1_38' title='bbox 165 1095 290 1184; x_wconf 51' lang='lat' dir='ltr'><strong>gnorent</strong></span> <span class='ocrx_word' id='word_1_39' title='bbox 328 1085 461 1143; x_wconf 89' lang='lat' dir='ltr'><strong>mutato</strong></span> <span class='ocrx_word' id='word_1_40' title='bbox 478 1098 516 1142; x_wconf 89' lang='lat' dir='ltr'><strong>se</strong></span> <span class='ocrx_word' id='word_1_41' title='bbox 533 1097 647 1160; x_wconf 82' lang='lat' dir='ltr'><strong>regem</strong></span> <span class='ocrx_word' id='word_1_42' title='bbox 665 1077 896 1154; x_wconf 82' lang='lat' dir='ltr'><strong>dissimulans,</strong></span> <span class='ocrx_word' id='word_1_43' title='bbox 921 1097 998 1142; x_wconf 92' lang='lat' dir='ltr'><strong>cum</strong></span> <span class='ocrx_word' id='word_1_44' title='bbox 1016 1087 1167 1161; x_wconf 87' lang='lat' dir='ltr'><strong>quatuor</strong></span> <span class='ocrx_word' id='word_1_45' title='bbox 1185 1071 1281 1142; x_wconf 82' lang='lat' dir='ltr'><strong>²tan·</strong></span> 
     </span>
    </p>
   </div>
   <div class='ocr_carea' id='block_1_5' title="bbox 186 1147 256 1186">
    <p class='ocr_par' dir='ltr' id='par_1_5' title="bbox 186 1147 256 1186">
     <span class='ocr_line' id='line_1_8' title="bbox 186 1147 256 1186; baseline 0.029 -2"><span class='ocrx_word' id='word_1_46' title='bbox 186 1147 256 1186; x_wconf 78' lang='lat' dir='ltr'><strong>ierrns.</strong></span> 
     </span>
    </p>
   </div>
   <div class='ocr_carea' id='block_1_6' title="bbox 164 1178 1279 2150">
    <p class='ocr_par' dir='ltr' id='par_1_6' title="bbox 164 1178 1279 2150">
     <span class='ocr_line' id='line_1_9' title="bbox 164 1178 1278 1260; baseline 0.005 -24"><span class='ocrx_word' id='word_1_47' title='bbox 164 1197 273 1237; x_wconf 64' lang='lat' dir='ltr'><strong>aoranae.</strong></span> <span class='ocrx_word' id='word_1_48' title='bbox 328 1189 400 1244; x_wconf 91' lang='lat' dir='ltr'><strong>tum</strong></span> <span class='ocrx_word' id='word_1_49' title='bbox 419 1179 522 1243; x_wconf 89' lang='lat' dir='ltr'><strong>sociis</strong></span> <span class='ocrx_word' id='word_1_50' title='bbox 538 1186 755 1242; x_wconf 89' lang='lat' dir='ltr'><strong>transvectus</strong></span> <span class='ocrx_word' id='word_1_51' title='bbox 772 1187 826 1242; x_wconf 90' lang='lat' dir='ltr'><strong>est</strong></span> <span class='ocrx_word' id='word_1_52' title='bbox 838 1178 1079 1244; x_wconf 86' lang='lat' dir='ltr'><strong>Sclaveniam:</strong></span> <span class='ocrx_word' id='word_1_53' title='bbox 1106 1179 1186 1242; x_wconf 88' lang='lat' dir='ltr'><strong>iude</strong></span> <span class='ocrx_word' id='word_1_54' title='bbox 1200 1198 1278 1260; x_wconf 91' lang='lat' dir='ltr'><strong>per-</strong></span> 
     </span>
     <span class='ocr_line' id='line_1_10' title="bbox 330 1273 1279 1362; baseline -0.001 -18"><span class='ocrx_word' id='word_1_55' title='bbox 330 1281 500 1344; x_wconf 87' lang='lat' dir='ltr'><strong>transiens</strong></span> <span class='ocrx_word' id='word_1_56' title='bbox 518 1278 724 1362; x_wconf 84' lang='lat' dir='ltr'><strong>Aquileiam,</strong></span> <span class='ocrx_word' id='word_1_57' title='bbox 746 1298 824 1343; x_wconf 91' lang='lat' dir='ltr'><strong>cnm</strong></span> <span class='ocrx_word' id='word_1_58' title='bbox 847 1280 1010 1343; x_wconf 80' lang='lat' dir='ltr'><strong>intrasset</strong></span> <span class='ocrx_word' id='word_1_59' title='bbox 1026 1286 1151 1343; x_wconf 90' lang='lat' dir='ltr'><strong>terram</strong></span> <span class='ocrx_word' id='word_1_60' title='bbox 1167 1273 1279 1343; x_wconf 88' lang='lat' dir='ltr'><strong>³Lim-</strong></span> 
     </span>
     <span class='ocr_line' id='line_1_11' title="bbox 328 1379 1279 1464; baseline 0 -20"><span class='ocrx_word' id='word_1_61' title='bbox 328 1381 422 1464; x_wconf 90' lang='lat' dir='ltr'><strong>poldi</strong></span> <span class='ocrx_word' id='word_1_62' title='bbox 436 1380 533 1443; x_wconf 89' lang='lat' dir='ltr'><strong>ducis</strong></span> <span class='ocrx_word' id='word_1_63' title='bbox 543 1379 705 1456; x_wconf 80' lang='lat' dir='ltr'><strong>Austriae,</strong></span> <span class='ocrx_word' id='word_1_64' title='bbox 720 1387 844 1463; x_wconf 90' lang='lat' dir='ltr'><strong>captus</strong></span> <span class='ocrx_word' id='word_1_65' title='bbox 859 1380 958 1444; x_wconf 88' lang='lat' dir='ltr'><strong>estin</strong></span> <span class='ocrx_word' id='word_1_66' title='bbox 973 1380 1115 1444; x_wconf 87' lang='lat' dir='ltr'><strong>civitate</strong></span> <span class='ocrx_word' id='word_1_67' title='bbox 1128 1379 1279 1444; x_wconf 84' lang='lat' dir='ltr'><strong>Wienna</strong></span> 
     </span>
     <span class='ocr_line' id='line_1_12' title="bbox 328 1479 1277 1563; baseline -0.001 -19"><span class='ocrx_word' id='word_1_68' title='bbox 328 1481 563 1545; x_wconf 84' lang='lat' dir='ltr'><strong>decimotertio</strong></span> <span class='ocrx_word' id='word_1_69' title='bbox 579 1480 643 1544; x_wconf 89' lang='lat' dir='ltr'><strong>cal.</strong></span> <span class='ocrx_word' id='word_1_70' title='bbox 655 1479 677 1543; x_wconf 90' lang='lat' dir='ltr'>J</span> <span class='ocrx_word' id='word_1_71' title='bbox 682 1481 816 1543; x_wconf 88' lang='lat' dir='ltr'><strong>anuarii</strong></span> <span class='ocrx_word' id='word_1_72' title='bbox 831 1499 840 1557; x_wconf 92' lang='grc'><strong>;</strong></span> <span class='ocrx_word' id='word_1_73' title='bbox 868 1500 969 1562; x_wconf 90' lang='lat' dir='ltr'><strong>quem</strong></span> <span class='ocrx_word' id='word_1_74' title='bbox 987 1480 1060 1543; x_wconf 85' lang='lat' dir='ltr'><strong>dux</strong></span> <span class='ocrx_word' id='word_1_75' title='bbox 1076 1479 1277 1563; x_wconf 90' lang='lat' dir='ltr'><strong>Limpoldus</strong></span> 
     </span>
     <span class='ocr_line' id='line_1_13' title="bbox 327 1575 1279 1664; baseline -0.002 -18"><span class='ocrx_word' id='word_1_76' title='bbox 327 1576 486 1646; x_wconf 74' lang='lat' dir='ltr'><strong>⁴exosum</strong></span> <span class='ocrx_word' id='word_1_77' title='bbox 504 1581 633 1644; x_wconf 89' lang='lat' dir='ltr'><strong>habens</strong></span> <span class='ocrx_word' id='word_1_78' title='bbox 652 1600 714 1662; x_wconf 94' lang='lat' dir='ltr'><strong>pro</strong></span> <span class='ocrx_word' id='word_1_79' title='bbox 730 1590 839 1644; x_wconf 90' lang='lat' dir='ltr'><strong>morte</strong></span> <span class='ocrx_word' id='word_1_80' title='bbox 856 1575 1049 1657; x_wconf 84' lang='lat' dir='ltr'><strong>⁵Marchisi‚</strong></span> <span class='ocrx_word' id='word_1_81' title='bbox 1063 1580 1105 1644; x_wconf 87' lang='lat' dir='ltr'><strong>de</strong></span> <span class='ocrx_word' id='word_1_82' title='bbox 1120 1600 1190 1664; x_wconf 86' lang='lat' dir='ltr'><strong>qua</strong></span> <span class='ocrx_word' id='word_1_83' title='bbox 1203 1600 1279 1645; x_wconf 88' lang='lat' dir='ltr'><strong>sns-</strong></span> 
     </span>
     <span class='ocr_line' id='line_1_14' title="bbox 328 1679 1276 1764; baseline -0.001 -17"><span class='ocrx_word' id='word_1_84' title='bbox 328 1692 464 1764; x_wconf 88' lang='lat' dir='ltr'><strong>pectum</strong></span> <span class='ocrx_word' id='word_1_85' title='bbox 481 1701 595 1764; x_wconf 79' lang='lat' dir='ltr'><strong>regem</strong></span> <span class='ocrx_word' id='word_1_86' title='bbox 615 1680 775 1758; x_wconf 88' lang='lat' dir='ltr'><strong>habebat,</strong></span> <span class='ocrx_word' id='word_1_87' title='bbox 799 1682 927 1746; x_wconf 87' lang='lat' dir='ltr'><strong>carceri</strong></span> <span class='ocrx_word' id='word_1_88' title='bbox 947 1682 1167 1764; x_wconf 82' lang='lat' dir='ltr'><strong>mancipavit.</strong></span> <span class='ocrx_word' id='word_1_89' title='bbox 1219 1679 1276 1746; x_wconf 82' lang='lat' dir='ltr'><strong>Ab</strong></span> 
     </span>
     <span class='ocr_line' id='line_1_15' title="bbox 327 1781 1277 1864; baseline 0.001 -19"><span class='ocrx_word' id='word_1_90' title='bbox 327 1783 392 1847; x_wconf 92' lang='lat' dir='ltr'><strong>hac</strong></span> <span class='ocrx_word' id='word_1_91' title='bbox 432 1791 543 1847; x_wconf 87' lang='lat' dir='ltr'><strong>tamen</strong></span> <span class='ocrx_word' id='word_1_92' title='bbox 583 1791 693 1846; x_wconf 89' lang='lat' dir='ltr'><strong>morte</strong></span> <span class='ocrx_word' id='word_1_93' title='bbox 732 1782 891 1864; x_wconf 88' lang='lat' dir='ltr'><strong>princeps</strong></span> <span class='ocrx_word' id='word_1_94' title='bbox 930 1781 1223 1857; x_wconf 84' lang='lat' dir='ltr'><strong>Hassacenorum,</strong></span> <span class='ocrx_word' id='word_1_95' title='bbox 1255 1801 1277 1846; x_wconf 87' lang='lat' dir='ltr'><strong>a</strong></span> 
     </span>
     <span class='ocr_line' id='line_1_16' title="bbox 327 1879 1275 1969; baseline 0.001 -23"><span class='ocrx_word' id='word_1_96' title='bbox 327 1884 452 1967; x_wconf 87' lang='lat' dir='ltr'><strong>quibus</strong></span> <span class='ocrx_word' id='word_1_97' title='bbox 474 1882 529 1969; x_wconf 88' lang='lat' dir='ltr'><strong>(ut</strong></span> <span class='ocrx_word' id='word_1_98' title='bbox 552 1901 658 1964; x_wconf 88' lang='lat' dir='ltr'><strong>supra</strong></span> <span class='ocrx_word' id='word_1_99' title='bbox 680 1879 811 1967; x_wconf 86' lang='lat' dir='ltr'><strong>patuit)</strong></span> <span class='ocrx_word' id='word_1_100' title='bbox 829 1881 1029 1946; x_wconf 84' lang='lat' dir='ltr'><strong>interiectus</strong></span> <span class='ocrx_word' id='word_1_101' title='bbox 1052 1895 1105 1947; x_wconf 91' lang='lat' dir='ltr'><strong>est</strong></span> <span class='ocrx_word' id='word_1_102' title='bbox 1122 1882 1275 1947; x_wconf 88' lang='lat' dir='ltr'><strong>Marchi-</strong></span> 
     </span>
     <span class='ocr_line' id='line_1_17' title="bbox 327 1977 1275 2067; baseline 0 -20"><span class='ocrx_word' id='word_1_103' title='bbox 327 2004 399 2060; x_wconf 89' lang='lat' dir='ltr'><strong>sus,</strong></span> <span class='ocrx_word' id='word_1_104' title='bbox 432 2003 546 2066; x_wconf 81' lang='lat' dir='ltr'><strong>regem</strong></span> <span class='ocrx_word' id='word_1_105' title='bbox 576 1977 763 2047; x_wconf 86' lang='lat' dir='ltr'><strong>Ricardum</strong></span> <span class='ocrx_word' id='word_1_106' title='bbox 789 2002 850 2066; x_wconf 89' lang='lat' dir='ltr'><strong>per</strong></span> <span class='ocrx_word' id='word_1_107' title='bbox 876 1983 1009 2048; x_wconf 87' lang='lat' dir='ltr'><strong>litteras</strong></span> <span class='ocrx_word' id='word_1_108' title='bbox 1037 1984 1275 2067; x_wconf 88' lang='lat' dir='ltr'><strong>hujuscemodi</strong></span> 
     </span>
     <span class='ocr_line' id='line_1_18' title="bbox 328 2086 530 2150; baseline 0.01 -3"><span class='ocrx_word' id='word_1_109' title='bbox 328 2086 530 2150; x_wconf 86' lang='lat' dir='ltr'><strong>excusavit:</strong></span> 
     </span>
    </p>
   </div>
   <div class='ocr_carea' id='block_1_7' title="bbox 165 2185 1278 2295">
    <p class='ocr_par' dir='ltr' id='par_1_7' title="bbox 165 2185 1278 2295">
     <span class='ocr_line' id='line_1_19' title="bbox 165 2185 1278 2295; baseline 0.004 -51"><span class='ocrx_word' id='word_1_110' title='bbox 165 2204 316 2295; x_wconf 56' lang='lat' dir='ltr'><strong>fflffissl‘</strong></span> <span class='ocrx_word' id='word_1_111' title='bbox 379 2193 388 2220; x_wconf 87' lang='lat'>‘</span> <span class='ocrx_word' id='word_1_112' title='bbox 408 2186 601 2269; x_wconf 90' lang='lat' dir='ltr'><strong>Limpoldo,</strong></span> <span class='ocrx_word' id='word_1_113' title='bbox 618 2185 698 2250; x_wconf 91' lang='lat' dir='ltr'><strong>duci</strong></span> <span class='ocrx_word' id='word_1_114' title='bbox 716 2185 879 2259; x_wconf 83' lang='lat' dir='ltr'><strong>Austriae,</strong></span> <span class='ocrx_word' id='word_1_115' title='bbox 893 2185 1005 2250; x_wconf 89' lang='lat' dir='ltr'><strong>Vetus</strong></span> <span class='ocrx_word' id='word_1_116' title='bbox 1021 2186 1063 2250; x_wconf 92' lang='lat' dir='ltr'><strong>de</strong></span> <span class='ocrx_word' id='word_1_117' title='bbox 1079 2185 1203 2249; x_wconf 86' lang='lat' dir='ltr'><strong>Monte</strong></span> <span class='ocrx_word' id='word_1_118' title='bbox 1224 2204 1278 2249; x_wconf 86' lang='lat' dir='ltr'><strong>se·</strong></span> 
     </span>
    </p>
   </div>
   <div class='ocr_carea' id='block_1_8' title="bbox 165 2284 1279 2395">
    <p class='ocr_par' dir='ltr' id='par_1_8' title="bbox 165 2284 1279 2395">
     <span class='ocr_line' id='line_1_20' title="bbox 165 2284 1279 2395; baseline 0.004 -51"><span class='ocrx_word' id='word_1_119' title='bbox 165 2306 286 2395; x_wconf 53' lang='lat' dir='ltr'><strong>pienugun-</strong></span> <span class='ocrx_word' id='word_1_120' title='bbox 327 2286 446 2351; x_wconf 87' lang='lat' dir='ltr'><strong>lutem.</strong></span> <span class='ocrx_word' id='word_1_121' title='bbox 498 2287 586 2351; x_wconf 89' lang='lat' dir='ltr'><strong>Cum</strong></span> <span class='ocrx_word' id='word_1_122' title='bbox 617 2286 755 2369; x_wconf 90' lang='lat' dir='ltr'><strong>plurimi</strong></span> <span class='ocrx_word' id='word_1_123' title='bbox 788 2306 887 2368; x_wconf 81' lang='lat' dir='ltr'><strong>reges</strong></span> <span class='ocrx_word' id='word_1_124' title='bbox 920 2295 954 2351; x_wconf 90' lang='lat' dir='ltr'><strong>et</strong></span> <span class='ocrx_word' id='word_1_125' title='bbox 986 2287 1155 2369; x_wconf 86' lang='lat' dir='ltr'><strong>principes</strong></span> <span class='ocrx_word' id='word_1_126' title='bbox 1186 2284 1279 2349; x_wconf 86' lang='lat' dir='ltr'><strong>ultra</strong></span> 
     </span>
    </p>
   </div>
   <div class='ocr_carea' id='block_1_9' title="bbox 166 2385 1278 2506">
    <p class='ocr_par' dir='ltr' id='par_1_9' title="bbox 166 2385 1278 2506">
     <span class='ocr_line' id='line_1_21' title="bbox 166 2385 1278 2506; baseline 0.005 -61"><span class='ocrx_word' id='word_1_127' title='bbox 166 2405 295 2506; x_wconf 55' lang='lat' dir='ltr'><strong>{llffiml</strong></span> <span class='ocrx_word' id='word_1_128' title='bbox 328 2408 434 2465; x_wconf 89' lang='lat' dir='ltr'><strong>mare,</strong></span> <span class='ocrx_word' id='word_1_129' title='bbox 466 2387 655 2452; x_wconf 87' lang='lat' dir='ltr'><strong>Ricardum</strong></span> <span class='ocrx_word' id='word_1_130' title='bbox 680 2406 794 2469; x_wconf 80' lang='lat' dir='ltr'><strong>regem</strong></span> <span class='ocrx_word' id='word_1_131' title='bbox 821 2385 959 2469; x_wconf 80' lang='lat' dir='ltr'><strong>Angliae</strong></span> <span class='ocrx_word' id='word_1_132' title='bbox 982 2394 1018 2450; x_wconf 89' lang='lat' dir='ltr'><strong>et</strong></span> <span class='ocrx_word' id='word_1_133' title='bbox 1039 2387 1212 2451; x_wconf 90' lang='lat' dir='ltr'><strong>dominum</strong></span> <span class='ocrx_word' id='word_1_134' title='bbox 1235 2386 1278 2451; x_wconf 88' lang='lat' dir='ltr'><strong>de</strong></span> 
     </span>
    </p>
   </div>
   <div class='ocr_carea' id='block_1_10' title="bbox 166 2481 1280 3275">
    <p class='ocr_par' dir='ltr' id='par_1_10' title="bbox 166 2481 1280 3275">
     <span class='ocr_line' id='line_1_22' title="bbox 166 2481 1277 2570; baseline 0.005 -23"><span class='ocrx_word' id='word_1_135' title='bbox 166 2507 266 2547; x_wconf 66' lang='lat' dir='ltr'><strong>nicaea</strong></span> <span class='ocrx_word' id='word_1_136' title='bbox 329 2499 439 2553; x_wconf 88' lang='lat' dir='ltr'><strong>morte</strong></span> <span class='ocrx_word' id='word_1_137' title='bbox 457 2481 855 2570; x_wconf 80' lang='lat' dir='ltr'><strong>Marchisi⁶incu1pent;</strong></span> <span class='ocrx_word' id='word_1_138' title='bbox 877 2489 959 2570; x_wconf 92' lang='lat' dir='ltr'><strong>juro</strong></span> <span class='ocrx_word' id='word_1_139' title='bbox 981 2507 1043 2569; x_wconf 90' lang='lat' dir='ltr'><strong>per</strong></span> <span class='ocrx_word' id='word_1_140' title='bbox 1070 2488 1193 2563; x_wconf 82' lang='lat' dir='ltr'><strong>Dnusr,</strong></span> <span class='ocrx_word' id='word_1_141' title='bbox 1218 2488 1277 2570; x_wconf 91' lang='lat' dir='ltr'><strong>qui</strong></span> 
     </span>
     <span class='ocr_line' id='line_1_23' title="bbox 329 2588 1277 2671; baseline -0.001 -19"><span class='ocrx_word' id='word_1_142' title='bbox 329 2590 364 2652; x_wconf 87' lang='lat' dir='ltr'><strong>in</strong></span> <span class='ocrx_word' id='word_1_143' title='bbox 382 2598 547 2654; x_wconf 85' lang='lat' dir='ltr'><strong>aeternum</strong></span> <span class='ocrx_word' id='word_1_144' title='bbox 570 2597 705 2669; x_wconf 85' lang='lat' dir='ltr'><strong>regnet,</strong></span> <span class='ocrx_word' id='word_1_145' title='bbox 724 2596 758 2653; x_wconf 91' lang='lat' dir='ltr'><strong>et</strong></span> <span class='ocrx_word' id='word_1_146' title='bbox 776 2607 837 2670; x_wconf 88' lang='lat' dir='ltr'><strong>per</strong></span> <span class='ocrx_word' id='word_1_147' title='bbox 853 2588 964 2671; x_wconf 87' lang='lat' dir='ltr'><strong>legem</strong></span> <span class='ocrx_word' id='word_1_148' title='bbox 985 2606 1089 2671; x_wconf 89' lang='lat' dir='ltr'><strong>quarn</strong></span> <span class='ocrx_word' id='word_1_149' title='bbox 1108 2595 1277 2662; x_wconf 84' lang='lat' dir='ltr'><strong>tenemus,</strong></span> 
     </span>
     <span class='ocr_line' id='line_1_24' title="bbox 329 2687 1280 2774; baseline -0.001 -20"><span class='ocrx_word' id='word_1_150' title='bbox 329 2691 420 2772; x_wconf 92' lang='lat' dir='ltr'><strong>quod</strong></span> <span class='ocrx_word' id='word_1_151' title='bbox 439 2691 472 2753; x_wconf 90' lang='lat' dir='ltr'><strong>in</strong></span> <span class='ocrx_word' id='word_1_152' title='bbox 494 2690 569 2774; x_wconf 88' lang='lat' dir='ltr'><strong>ejus</strong></span> <span class='ocrx_word' id='word_1_153' title='bbox 590 2697 700 2754; x_wconf 89' lang='lat' dir='ltr'><strong>morte</strong></span> <span class='ocrx_word' id='word_1_154' title='bbox 722 2687 849 2752; x_wconf 87' lang='lat' dir='ltr'><strong>nullam</strong></span> <span class='ocrx_word' id='word_1_155' title='bbox 873 2689 1010 2771; x_wconf 89' lang='lat' dir='ltr'><strong>culpam</strong></span> <span class='ocrx_word' id='word_1_156' title='bbox 1032 2688 1161 2752; x_wconf 86' lang='lat' dir='ltr'><strong>habuit.</strong></span> <span class='ocrx_word' id='word_1_157' title='bbox 1215 2688 1280 2753; x_wconf 87' lang='lat' dir='ltr'><strong>Est</strong></span> 
     </span>
     <span class='ocr_line' id='line_1_25' title="bbox 330 2787 1277 2873; baseline -0.002 -18"><span class='ocrx_word' id='word_1_158' title='bbox 330 2810 436 2855; x_wconf 86' lang='lat' dir='ltr'><strong>causa</strong></span> <span class='ocrx_word' id='word_1_159' title='bbox 474 2790 641 2873; x_wconf 89' lang='lat' dir='ltr'><strong>siquidem</strong></span> <span class='ocrx_word' id='word_1_160' title='bbox 682 2790 802 2854; x_wconf 87' lang='lat' dir='ltr'><strong>mortis</strong></span> <span class='ocrx_word' id='word_1_161' title='bbox 839 2789 948 2872; x_wconf 88' lang='lat' dir='ltr'><strong>ipsius</strong></span> <span class='ocrx_word' id='word_1_162' title='bbox 986 2787 1152 2853; x_wconf 88' lang='lat' dir='ltr'><strong>Marchisi</strong></span> <span class='ocrx_word' id='word_1_163' title='bbox 1186 2788 1277 2853; x_wconf 85' lang='lat' dir='ltr'><strong>talis.</strong></span> 
     </span>
     <span class='ocr_line' id='line_1_26' title="bbox 331 2890 1278 2956; baseline -0.001 0"><span class='ocrx_word' id='word_1_164' title='bbox 331 2891 431 2956; x_wconf 89' lang='lat' dir='ltr'><strong>Unus</strong></span> <span class='ocrx_word' id='word_1_165' title='bbox 457 2911 501 2955; x_wconf 87' lang='lat' dir='ltr'><strong>ex</strong></span> <span class='ocrx_word' id='word_1_166' title='bbox 530 2891 693 2955; x_wconf 82' lang='lat' dir='ltr'><strong>tratribus</strong></span> <span class='ocrx_word' id='word_1_167' title='bbox 725 2890 853 2954; x_wconf 91' lang='lat' dir='ltr'><strong>nostris</strong></span> <span class='ocrx_word' id='word_1_168' title='bbox 886 2891 922 2953; x_wconf 91' lang='lat' dir='ltr'><strong>in</strong></span> <span class='ocrx_word' id='word_1_169' title='bbox 948 2910 1049 2952; x_wconf 89' lang='lat' dir='ltr'><strong>unam</strong></span> <span class='ocrx_word' id='word_1_170' title='bbox 1083 2908 1205 2953; x_wconf 89' lang='lat' dir='ltr'><strong>navem</strong></span> <span class='ocrx_word' id='word_1_171' title='bbox 1235 2890 1278 2955; x_wconf 88' lang='lat' dir='ltr'><strong>de</strong></span> 
     </span>
     <span class='ocr_line' id='line_1_27' title="bbox 330 2984 1280 3073; baseline -0.001 -17"><span class='ocrx_word' id='word_1_172' title='bbox 330 2984 512 3056; x_wconf 84' lang='lat' dir='ltr'><strong>⁷Salteleia</strong></span> <span class='ocrx_word' id='word_1_173' title='bbox 537 2991 579 3054; x_wconf 91' lang='lat' dir='ltr'><strong>ad</strong></span> <span class='ocrx_word' id='word_1_174' title='bbox 610 3002 726 3073; x_wconf 88' lang='lat' dir='ltr'><strong>partes</strong></span> <span class='ocrx_word' id='word_1_175' title='bbox 755 2998 890 3055; x_wconf 86' lang='lat' dir='ltr'><strong>nostras</strong></span> <span class='ocrx_word' id='word_1_176' title='bbox 915 2991 1085 3066; x_wconf 84' lang='lat' dir='ltr'><strong>veniebat,</strong></span> <span class='ocrx_word' id='word_1_177' title='bbox 1115 2998 1151 3055; x_wconf 89' lang='lat' dir='ltr'><strong>ct</strong></span> <span class='ocrx_word' id='word_1_178' title='bbox 1177 2984 1280 3055; x_wconf 71' lang='lat' dir='ltr'><strong>&#39;tem-</strong></span> 
     </span>
     <span class='ocr_line' id='line_1_28' title="bbox 330 3090 1277 3175; baseline -0.001 -20"><span class='ocrx_word' id='word_1_179' title='bbox 330 3099 448 3175; x_wconf 87' lang='lat' dir='ltr'><strong>pestas</strong></span> <span class='ocrx_word' id='word_1_180' title='bbox 467 3092 563 3155; x_wconf 91' lang='lat' dir='ltr'><strong>illum</strong></span> <span class='ocrx_word' id='word_1_181' title='bbox 584 3092 673 3157; x_wconf 87' lang='lat' dir='ltr'><strong>sorte</strong></span> <span class='ocrx_word' id='word_1_182' title='bbox 689 3093 779 3175; x_wconf 91' lang='lat' dir='ltr'><strong>apud</strong></span> <span class='ocrx_word' id='word_1_183' title='bbox 796 3092 928 3175; x_wconf 90' lang='lat' dir='ltr'><strong>Tyrum</strong></span> <span class='ocrx_word' id='word_1_184' title='bbox 946 3091 1101 3175; x_wconf 89' lang='lat' dir='ltr'><strong>appulit;</strong></span> <span class='ocrx_word' id='word_1_185' title='bbox 1129 3100 1165 3155; x_wconf 89' lang='lat' dir='ltr'><strong>et</strong></span> <span class='ocrx_word' id='word_1_186' title='bbox 1183 3090 1277 3156; x_wconf 88' lang='lat' dir='ltr'><strong>Mar-</strong></span> 
     </span>
     <span class='ocr_line' id='line_1_29' title="bbox 330 3192 1275 3275; baseline -0.001 -19"><span class='ocrx_word' id='word_1_187' title='bbox 330 3193 445 3256; x_wconf 88' lang='lat' dir='ltr'><strong>chisus</strong></span> <span class='ocrx_word' id='word_1_188' title='bbox 467 3192 547 3256; x_wconf 85' lang='lat' dir='ltr'><strong>fecit</strong></span> <span class='ocrx_word' id='word_1_189' title='bbox 569 3192 664 3255; x_wconf 87' lang='lat' dir='ltr'><strong>illum</strong></span> <span class='ocrx_word' id='word_1_190' title='bbox 688 3211 810 3275; x_wconf 88' lang='lat' dir='ltr'><strong>capere</strong></span> <span class='ocrx_word' id='word_1_191' title='bbox 825 3200 860 3255; x_wconf 90' lang='lat' dir='ltr'><strong>et</strong></span> <span class='ocrx_word' id='word_1_192' title='bbox 879 3193 1046 3266; x_wconf 89' lang='lat' dir='ltr'><strong>occidere,</strong></span> <span class='ocrx_word' id='word_1_193' title='bbox 1064 3200 1099 3255; x_wconf 91' lang='lat' dir='ltr'><strong>et</strong></span> <span class='ocrx_word' id='word_1_194' title='bbox 1115 3210 1275 3273; x_wconf 84' lang='lat' dir='ltr'><strong>magnam</strong></span> 
     </span>
    </p>
   </div>
   <div class='ocr_carea' id='block_1_11' title="bbox 310 3395 1278 4308">
    <p class='ocr_par' dir='ltr' id='par_1_11' title="bbox 310 3395 1278 4308">
     <span class='ocr_line' id='line_1_30' title="bbox 367 3395 1278 3467; baseline 0.005 -17"><span class='ocrx_word' id='word_1_195' title='bbox 367 3398 454 3450; x_wconf 87' lang='lat' dir='ltr'><strong>&#39;‘eibi</strong></span> <span class='ocrx_word' id='word_1_196' title='bbox 462 3395 477 3459; x_wconf 86' lang='lat'><strong>;&#39;</strong></span> <span class='ocrx_word' id='word_1_197' title='bbox 489 3401 527 3448; x_wconf 84' lang='grc' dir='ltr'><strong>Μ.</strong></span> <span class='ocrx_word' id='word_1_198' title='bbox 539 3405 564 3449; x_wconf 87' lang='lat' dir='ltr'><strong>et</strong></span> <span class='ocrx_word' id='word_1_199' title='bbox 575 3399 622 3450; x_wconf 80' lang='lat' dir='ltr'><strong>Ar.</strong></span> <span class='ocrx_word' id='word_1_200' title='bbox 815 3400 942 3462; x_wconf 79' lang='lat' dir='ltr'><strong>preferred</strong></span> <span class='ocrx_word' id='word_1_201' title='bbox 973 3403 1007 3463; x_wconf 79' lang='lat' dir='ltr'><strong>by</strong></span> <span class='ocrx_word' id='word_1_202' title='bbox 1033 3401 1076 3450; x_wconf 88' lang='lat' dir='ltr'><strong>the</strong></span> <span class='ocrx_word' id='word_1_203' title='bbox 1103 3416 1227 3467; x_wconf 83' lang='lat' dir='ltr'><strong>emperor,</strong></span> <span class='ocrx_word' id='word_1_204' title='bbox 1253 3410 1278 3455; x_wconf 91' lang='lat' dir='ltr'><strong>to</strong></span> 
     </span>
     <span class='ocr_line' id='line_1_31' title="bbox 364 3468 1276 3539; baseline 0.007 -20"><span class='ocrx_word' id='word_1_205' title='bbox 364 3468 375 3501; x_wconf 83' lang='lat'>²</span> <span class='ocrx_word' id='word_1_206' title='bbox 391 3472 482 3520; x_wconf 85' lang='lat' dir='ltr'><strong>‘etiam</strong></span> <span class='ocrx_word' id='word_1_207' title='bbox 492 3472 510 3531; x_wconf 72' lang='grc' dir='ltr'><strong>ς’</strong></span> <span class='ocrx_word' id='word_1_208' title='bbox 520 3471 559 3520; x_wconf 86' lang='grc' dir='ltr'><strong>Μ.</strong></span> <span class='ocrx_word' id='word_1_209' title='bbox 814 3470 897 3520; x_wconf 86' lang='lat' dir='ltr'><strong>whom</strong></span> <span class='ocrx_word' id='word_1_210' title='bbox 910 3471 1020 3521; x_wconf 86' lang='lat' dir='ltr'><strong>Richerd</strong></span> <span class='ocrx_word' id='word_1_211' title='bbox 1030 3486 1083 3520; x_wconf 83' lang='lat' dir='ltr'><strong>was</strong></span> <span class='ocrx_word' id='word_1_212' title='bbox 1095 3473 1150 3521; x_wconf 85' lang='lat' dir='ltr'><strong>sold</strong></span> <span class='ocrx_word' id='word_1_213' title='bbox 1159 3473 1199 3523; x_wconf 86' lang='lat' dir='ltr'><strong>for</strong></span> <span class='ocrx_word' id='word_1_214' title='bbox 1209 3478 1276 3539; x_wconf 76' lang='lat' dir='ltr'><strong>sixty</strong></span> 
     </span>
     <span class='ocr_line' id='line_1_32' title="bbox 365 3536 1277 3604; baseline 0.009 -15"><span class='ocrx_word' id='word_1_215' title='bbox 365 3539 375 3568; x_wconf 81' lang='lat'><strong><em>³</em></strong></span> <span class='ocrx_word' id='word_1_216' title='bbox 390 3542 422 3589; x_wconf 84' lang='lat' dir='ltr'><strong>‘i.</strong></span> <span class='ocrx_word' id='word_1_217' title='bbox 430 3558 453 3591; x_wconf 88' lang='lat' dir='ltr'><strong>e.</strong></span> <span class='ocrx_word' id='word_1_218' title='bbox 462 3541 591 3604; x_wconf 87' lang='lat' dir='ltr'><strong>Lnitpoldi</strong></span> <span class='ocrx_word' id='word_1_219' title='bbox 600 3536 614 3601; x_wconf 87' lang='lat'><strong>;’</strong></span> <span class='ocrx_word' id='word_1_220' title='bbox 627 3536 803 3592; x_wconf 75' lang='lat' dir='ltr'><strong>D&#39;Aclrerius..</strong></span> <span class='ocrx_word' id='word_1_221' title='bbox 815 3541 940 3591; x_wconf 79' lang='lat' dir='ltr'><strong>thousand</strong></span> <span class='ocrx_word' id='word_1_222' title='bbox 952 3541 1051 3603; x_wconf 90' lang='lat' dir='ltr'><strong>pounds</strong></span> <span class='ocrx_word' id='word_1_223' title='bbox 1062 3541 1090 3591; x_wconf 74' lang='grc' dir='ltr'><strong>οἰ</strong></span> <span class='ocrx_word' id='word_1_224' title='bbox 1103 3541 1181 3592; x_wconf 85' lang='lat' dir='ltr'><strong>silver</strong></span> <span class='ocrx_word' id='word_1_225' title='bbox 1190 3544 1221 3593; x_wconf 79' lang='lat' dir='ltr'><strong>oi</strong></span> <span class='ocrx_word' id='word_1_226' title='bbox 1229 3546 1277 3597; x_wconf 85' lang='lat' dir='ltr'><strong>Co·</strong></span> 
     </span>
     <span class='ocr_line' id='line_1_33' title="bbox 331 3612 1278 3679; baseline 0.004 -18"><span class='ocrx_word' id='word_1_227' title='bbox 331 3613 451 3673; x_wconf 72' lang='lat' dir='ltr'><strong>leopold.</strong></span> <span class='ocrx_word' id='word_1_228' title='bbox 814 3612 1124 3674; x_wconf 76' lang='lat' dir='ltr'><strong>logneweight3llogerot</strong></span> <span class='ocrx_word' id='word_1_229' title='bbox 1130 3613 1278 3679; x_wconf 80' lang='lat' dir='ltr'><strong>wendover,</strong></span> 
     </span>
     <span class='ocr_line' id='line_1_34' title="bbox 365 3677 1277 3744; baseline 0.008 -13"><span class='ocrx_word' id='word_1_230' title='bbox 365 3680 375 3709; x_wconf 89' lang='lat'><strong>⁴</strong></span> <span class='ocrx_word' id='word_1_231' title='bbox 389 3684 448 3732; x_wconf 78' lang='lat' dir='ltr'><strong>cod.</strong></span> <span class='ocrx_word' id='word_1_232' title='bbox 462 3683 525 3744; x_wconf 77' lang='lat' dir='ltr'><strong>Reg.</strong></span> <span class='ocrx_word' id='word_1_233' title='bbox 537 3682 585 3731; x_wconf 86' lang='lat' dir='ltr'><strong>has</strong></span> <span class='ocrx_word' id='word_1_234' title='bbox 595 3683 603 3710; x_wconf 89' lang='lat'>‘</span> <span class='ocrx_word' id='word_1_235' title='bbox 609 3677 728 3732; x_wconf 63' lang='lat' dir='ltr'><strong>exosam!</strong></span> <span class='ocrx_word' id='word_1_236' title='bbox 815 3683 852 3731; x_wconf 90' lang='lat' dir='ltr'><strong>iii.</strong></span> <span class='ocrx_word' id='word_1_237' title='bbox 864 3687 905 3731; x_wconf 81' lang='grc'><strong>70.</strong></span> <span class='ocrx_word' id='word_1_238' title='bbox 940 3683 994 3731; x_wconf 87' lang='lat' dir='ltr'><strong>Tlre</strong></span> <span class='ocrx_word' id='word_1_239' title='bbox 1012 3685 1083 3731; x_wconf 89' lang='lat' dir='ltr'><strong>ruins</strong></span> <span class='ocrx_word' id='word_1_240' title='bbox 1098 3684 1127 3732; x_wconf 83' lang='lat' dir='ltr'><strong>ol</strong></span> <span class='ocrx_word' id='word_1_241' title='bbox 1140 3684 1183 3734; x_wconf 91' lang='lat' dir='ltr'><strong>the</strong></span> <span class='ocrx_word' id='word_1_242' title='bbox 1199 3688 1277 3737; x_wconf 81' lang='lat' dir='ltr'><strong>castle</strong></span> 
     </span>
     <span class='ocr_line' id='line_1_35' title="bbox 364 3751 1276 3819; baseline 0.007 -18"><span class='ocrx_word' id='word_1_243' title='bbox 364 3751 375 3780; x_wconf 84' lang='lat'>⁸</span> <span class='ocrx_word' id='word_1_244' title='bbox 392 3753 629 3814; x_wconf 80' lang='lat' dir='ltr'><strong>Namely‚Conred‚</strong></span> <span class='ocrx_word' id='word_1_245' title='bbox 643 3752 755 3813; x_wconf 90' lang='lat' dir='ltr'><strong>marqnis</strong></span> <span class='ocrx_word' id='word_1_246' title='bbox 766 3754 795 3801; x_wconf 87' lang='lat' dir='ltr'><strong>ol</strong></span> <span class='ocrx_word' id='word_1_247' title='bbox 815 3751 844 3801; x_wconf 80' lang='lat' dir='ltr'><strong>of</strong></span> <span class='ocrx_word' id='word_1_248' title='bbox 851 3752 1000 3813; x_wconf 81' lang='lat' dir='ltr'><strong>Tycrnstein</strong></span> <span class='ocrx_word' id='word_1_249' title='bbox 1017 3755 1086 3817; x_wconf 81' lang='lat' dir='ltr'><strong>(now</strong></span> <span class='ocrx_word' id='word_1_250' title='bbox 1097 3754 1276 3819; x_wconf 84' lang='lat' dir='ltr'><strong>Diirrensteiu)</strong></span> 
     </span>
     <span class='ocr_line' id='line_1_36' title="bbox 330 3822 1275 3884; baseline 0.005 -12"><span class='ocrx_word' id='word_1_251' title='bbox 330 3824 481 3873; x_wconf 80' lang='lat' dir='ltr'><strong>ltlontserrat</strong></span> <span class='ocrx_word' id='word_1_252' title='bbox 499 3823 548 3871; x_wconf 87' lang='lat' dir='ltr'><strong>and</strong></span> <span class='ocrx_word' id='word_1_253' title='bbox 568 3825 654 3884; x_wconf 84' lang='lat' dir='ltr'><strong>prinoe</strong></span> <span class='ocrx_word' id='word_1_254' title='bbox 671 3823 700 3871; x_wconf 82' lang='lat' dir='ltr'><strong>ol</strong></span> <span class='ocrx_word' id='word_1_255' title='bbox 716 3822 792 3884; x_wconf 82' lang='lat' dir='ltr'><strong>Tyre,</strong></span> <span class='ocrx_word' id='word_1_256' title='bbox 815 3823 867 3871; x_wconf 93' lang='lat' dir='ltr'><strong>still</strong></span> <span class='ocrx_word' id='word_1_257' title='bbox 886 3824 952 3872; x_wconf 84' lang='lat' dir='ltr'><strong>exist</strong></span> <span class='ocrx_word' id='word_1_258' title='bbox 966 3838 995 3872; x_wconf 88' lang='lat' dir='ltr'><strong>as</strong></span> <span class='ocrx_word' id='word_1_259' title='bbox 1007 3839 1053 3871; x_wconf 86' lang='lat' dir='ltr'><strong>one</strong></span> <span class='ocrx_word' id='word_1_260' title='bbox 1064 3823 1093 3872; x_wconf 84' lang='lat' dir='ltr'><strong>ol</strong></span> <span class='ocrx_word' id='word_1_261' title='bbox 1106 3824 1149 3872; x_wconf 92' lang='lat' dir='ltr'><strong>the</strong></span> <span class='ocrx_word' id='word_1_262' title='bbox 1164 3836 1230 3876; x_wconf 84' lang='lat' dir='ltr'><strong>most</strong></span> <span class='ocrx_word' id='word_1_263' title='bbox 1240 3831 1275 3877; x_wconf 88' lang='lat' dir='ltr'><strong>in·</strong></span> 
     </span>
     <span class='ocr_line' id='line_1_37' title="bbox 330 3892 1276 3958; baseline 0.005 -14"><span class='ocrx_word' id='word_1_264' title='bbox 330 3894 416 3944; x_wconf 83' lang='lat' dir='ltr'><strong>whose</strong></span> <span class='ocrx_word' id='word_1_265' title='bbox 438 3909 515 3944; x_wconf 86' lang='lat' dir='ltr'><strong>cause</strong></span> <span class='ocrx_word' id='word_1_266' title='bbox 539 3893 650 3943; x_wconf 81' lang='lat' dir='ltr'><strong>llichard</strong></span> <span class='ocrx_word' id='word_1_267' title='bbox 675 3892 725 3943; x_wconf 89' lang='lat' dir='ltr'><strong>had</strong></span> <span class='ocrx_word' id='word_1_268' title='bbox 753 3909 792 3942; x_wconf 89' lang='lat' dir='ltr'><strong>es·</strong></span> <span class='ocrx_word' id='word_1_269' title='bbox 815 3894 936 3956; x_wconf 77' lang='lat' dir='ltr'><strong>teresting</strong></span> <span class='ocrx_word' id='word_1_270' title='bbox 954 3894 1064 3944; x_wconf 77' lang='lat' dir='ltr'><strong>features</strong></span> <span class='ocrx_word' id='word_1_271' title='bbox 1082 3893 1112 3943; x_wconf 79' lang='lat' dir='ltr'><strong>oi</strong></span> <span class='ocrx_word' id='word_1_272' title='bbox 1130 3894 1173 3945; x_wconf 85' lang='lat' dir='ltr'><strong>the</strong></span> <span class='ocrx_word' id='word_1_273' title='bbox 1196 3899 1276 3958; x_wconf 89' lang='lat' dir='ltr'><strong>pictu-</strong></span> 
     </span>
     <span class='ocr_line' id='line_1_38' title="bbox 310 3963 1275 4030; baseline 0.004 -17"><span class='ocrx_word' id='word_1_274' title='bbox 310 4008 315 4017; x_wconf 83' lang='grc'><strong>,</strong></span> <span class='ocrx_word' id='word_1_275' title='bbox 329 3965 436 4026; x_wconf 90' lang='lat' dir='ltr'><strong>poused‚</strong></span> <span class='ocrx_word' id='word_1_276' title='bbox 445 3965 487 4013; x_wconf 88' lang='lat' dir='ltr'><strong>the</strong></span> <span class='ocrx_word' id='word_1_277' title='bbox 495 3963 635 4013; x_wconf 81' lang='lat' dir='ltr'><strong>successful</strong></span> <span class='ocrx_word' id='word_1_278' title='bbox 646 3965 793 4025; x_wconf 88' lang='lat' dir='ltr'><strong>competitor</strong></span> <span class='ocrx_word' id='word_1_279' title='bbox 816 3978 906 4025; x_wconf 82' lang='lat' dir='ltr'><strong>resque</strong></span> <span class='ocrx_word' id='word_1_280' title='bbox 917 3965 999 4013; x_wconf 85' lang='lat' dir='ltr'><strong>banks</strong></span> <span class='ocrx_word' id='word_1_281' title='bbox 1010 3964 1039 4013; x_wconf 82' lang='lat' dir='ltr'><strong>ol</strong></span> <span class='ocrx_word' id='word_1_282' title='bbox 1050 3963 1092 4013; x_wconf 85' lang='lat' dir='ltr'><strong>the</strong></span> <span class='ocrx_word' id='word_1_283' title='bbox 1105 3964 1224 4030; x_wconf 82' lang='lat' dir='ltr'><strong>Danube,</strong></span> <span class='ocrx_word' id='word_1_284' title='bbox 1235 3970 1275 4019; x_wconf 82' lang='lat' dir='ltr'><strong>be·</strong></span> 
     </span>
     <span class='ocr_line' id='line_1_39' title="bbox 329 4034 1162 4086; baseline 0.001 -2"><span class='ocrx_word' id='word_1_285' title='bbox 329 4035 368 4084; x_wconf 85' lang='lat' dir='ltr'><strong>sor</strong></span> <span class='ocrx_word' id='word_1_286' title='bbox 382 4036 424 4084; x_wconf 86' lang='lat' dir='ltr'><strong>the</strong></span> <span class='ocrx_word' id='word_1_287' title='bbox 438 4036 526 4084; x_wconf 88' lang='lat' dir='ltr'><strong>throne</strong></span> <span class='ocrx_word' id='word_1_288' title='bbox 537 4034 566 4083; x_wconf 83' lang='lat' dir='ltr'><strong>oi</strong></span> <span class='ocrx_word' id='word_1_289' title='bbox 576 4036 718 4083; x_wconf 82' lang='lat' dir='ltr'><strong>Jerusalem</strong></span> <span class='ocrx_word' id='word_1_290' title='bbox 733 4050 793 4084; x_wconf 90' lang='lat' dir='ltr'><strong>over</strong></span> <span class='ocrx_word' id='word_1_291' title='bbox 816 4038 898 4083; x_wconf 81' lang='lat' dir='ltr'><strong>tween</strong></span> <span class='ocrx_word' id='word_1_292' title='bbox 911 4036 984 4083; x_wconf 83' lang='lat' dir='ltr'><strong>Lintz</strong></span> <span class='ocrx_word' id='word_1_293' title='bbox 994 4034 1044 4083; x_wconf 87' lang='lat' dir='ltr'><strong>end</strong></span> <span class='ocrx_word' id='word_1_294' title='bbox 1054 4034 1162 4086; x_wconf 77' lang='lat' dir='ltr'><strong>Vienna.</strong></span> 
     </span>
     <span class='ocr_line' id='line_1_40' title="bbox 330 4100 1191 4168; baseline 0.003 -13"><span class='ocrx_word' id='word_1_295' title='bbox 330 4107 392 4167; x_wconf 72' lang='lat' dir='ltr'><strong>(luy</strong></span> <span class='ocrx_word' id='word_1_296' title='bbox 412 4107 441 4154; x_wconf 85' lang='lat' dir='ltr'><strong>oi</strong></span> <span class='ocrx_word' id='word_1_297' title='bbox 459 4107 605 4168; x_wconf 64' lang='lat' dir='ltr'><strong>Lusignnm</strong></span> <span class='ocrx_word' id='word_1_298' title='bbox 629 4105 746 4162; x_wconf 79' lang='lat' dir='ltr'><strong>Vineaul,</strong></span> <span class='ocrx_word' id='word_1_299' title='bbox 765 4121 790 4167; x_wconf 89' lang='lat' dir='ltr'><strong>p.</strong></span> <span class='ocrx_word' id='word_1_300' title='bbox 851 4100 1050 4167; x_wconf 76' lang='lat' dir='ltr'><strong>“inculpant;’</strong></span> <span class='ocrx_word' id='word_1_301' title='bbox 1061 4106 1099 4153; x_wconf 82' lang='lat' dir='ltr'><strong>M.</strong></span> <span class='ocrx_word' id='word_1_302' title='bbox 1111 4105 1191 4158; x_wconf 78' lang='lat' dir='ltr'><strong>etAr.</strong></span> 
     </span>
     <span class='ocr_line' id='line_1_41' title="bbox 331 4170 1103 4237; baseline 0.001 -13"><span class='ocrx_word' id='word_1_303' title='bbox 331 4180 395 4224; x_wconf 73' lang='lat'><strong>³24:</strong></span> <span class='ocrx_word' id='word_1_304' title='bbox 410 4191 451 4225; x_wconf 82' lang='lat' dir='ltr'><strong>see</strong></span> <span class='ocrx_word' id='word_1_305' title='bbox 460 4182 527 4235; x_wconf 86' lang='lat' dir='ltr'><strong>ante,</strong></span> <span class='ocrx_word' id='word_1_306' title='bbox 536 4192 562 4237; x_wconf 87' lang='lat' dir='ltr'><strong>p.</strong></span> <span class='ocrx_word' id='word_1_307' title='bbox 573 4180 628 4225; x_wconf 77' lang='lat' dir='ltr'><strong>lat.</strong></span> <span class='ocrx_word' id='word_1_308' title='bbox 650 4175 704 4224; x_wconf 85' lang='lat' dir='ltr'><strong>The</strong></span> <span class='ocrx_word' id='word_1_309' title='bbox 715 4190 790 4224; x_wconf 86' lang='lat' dir='ltr'><strong>accu-</strong></span> <span class='ocrx_word' id='word_1_310' title='bbox 851 4172 861 4204; x_wconf 91' lang='lat'>⁷</span> <span class='ocrx_word' id='word_1_311' title='bbox 877 4176 999 4226; x_wconf 81' lang='lat' dir='ltr'><strong>‘Saltelia</strong></span> <span class='ocrx_word' id='word_1_312' title='bbox 1008 4170 1022 4233; x_wconf 74' lang='grc' dir='ltr'><strong>ς’</strong></span> <span class='ocrx_word' id='word_1_313' title='bbox 1035 4171 1103 4225; x_wconf 78' lang='lat' dir='ltr'><em>D&#39;A.</em></span> 
     </span>
     <span class='ocr_line' id='line_1_42' title="bbox 330 4241 1238 4308; baseline 0.007 -13"><span class='ocrx_word' id='word_1_314' title='bbox 330 4248 411 4296; x_wconf 89' lang='lat' dir='ltr'><strong>sation</strong></span> <span class='ocrx_word' id='word_1_315' title='bbox 423 4246 525 4296; x_wconf 85' lang='lat' dir='ltr'><strong>alluded</strong></span> <span class='ocrx_word' id='word_1_316' title='bbox 542 4252 567 4295; x_wconf 89' lang='lat' dir='ltr'><strong>to</strong></span> <span class='ocrx_word' id='word_1_317' title='bbox 578 4246 604 4294; x_wconf 89' lang='lat' dir='ltr'><strong>in</strong></span> <span class='ocrx_word' id='word_1_318' title='bbox 620 4246 662 4295; x_wconf 86' lang='lat' dir='ltr'><strong>the</strong></span> <span class='ocrx_word' id='word_1_319' title='bbox 673 4250 726 4293; x_wconf 85' lang='lat' dir='ltr'><strong>text</strong></span> <span class='ocrx_word' id='word_1_320' title='bbox 738 4260 792 4295; x_wconf 85' lang='lat' dir='ltr'><strong>was</strong></span> <span class='ocrx_word' id='word_1_321' title='bbox 851 4243 862 4275; x_wconf 78' lang='lat'>⁸</span> <span class='ocrx_word' id='word_1_322' title='bbox 878 4247 994 4308; x_wconf 87' lang='lat' dir='ltr'><strong>‘tempus</strong></span> <span class='ocrx_word' id='word_1_323' title='bbox 1004 4245 1069 4295; x_wconf 89' lang='lat' dir='ltr'><strong>illud</strong></span> <span class='ocrx_word' id='word_1_324' title='bbox 1078 4241 1093 4307; x_wconf 85' lang='grc'><strong>;’</strong></span> <span class='ocrx_word' id='word_1_325' title='bbox 1106 4246 1145 4296; x_wconf 78' lang='lat' dir='ltr'><strong>M.</strong></span> <span class='ocrx_word' id='word_1_326' title='bbox 1155 4252 1182 4297; x_wconf 84' lang='lat' dir='ltr'><strong>et</strong></span> <span class='ocrx_word' id='word_1_327' title='bbox 1190 4249 1238 4301; x_wconf 77' lang='lat' dir='ltr'><strong>Ar.</strong></span> 
     </span>
    </p>
   </div>
   <div class='ocr_carea' id='block_1_12' title="bbox 0 0 1452 4860">
    <p class='ocr_par' dir='ltr' id='par_1_12' title="bbox 0 0 1452 4860">
     <span class='ocr_line' id='line_1_43' title="bbox 0 0 1452 4860; baseline 0 0"><span class='ocrx_word' id='word_1_328' title='bbox 0 0 1452 4860; x_wconf 95' lang='lat' dir='ltr'><strong> </strong></span> 
     </span>
    </p>
   </div>
  </div>
 </body>
</html>
