<?xml version="1.0" encoding="UTF-8"?>
<!DOCTYPE html PUBLIC "-//W3C//DTD XHTML 1.0 Transitional//EN"
    "http://www.w3.org/TR/xhtml1/DTD/xhtml1-transitional.dtd">
<html xmlns="http://www.w3.org/1999/xhtml" xml:lang="en" lang="en">
 <head>
  <title>
</title>
<meta http-equiv="Content-Type" content="text/html;charset=utf-8" />
  <meta name='ocr-system' content='tesseract 3.04.00' />
  <meta name='ocr-capabilities' content='ocr_page ocr_carea ocr_par ocr_line ocrx_word'/>
</head>
<body>
  <div class='ocr_page' id='page_1' title='image "./fnicholaitrivet01trivgoog_0420.png"; bbox 0 0 2896 4860; ppageno 0'>
   <div class='ocr_carea' id='block_1_1' title="bbox 532 396 1098 461">
    <p class='ocr_par' dir='ltr' id='par_1_1' title="bbox 532 396 1098 461">
     <span class='ocr_line' id='line_1_1' title="bbox 532 396 1098 461; baseline 0.004 -2"><span class='ocrx_word' id='word_1_1' title='bbox 532 411 713 460; x_wconf 69' lang='lat' dir='ltr'><strong>aurnuns.</strong></span> <span class='ocrx_word' id='word_1_2' title='bbox 1031 396 1098 461; x_wconf 81' lang='grc'><strong>389</strong></span> 
     </span>
    </p>
   </div>
   <div class='ocr_carea' id='block_1_2' title="bbox 144 566 1217 4049">
    <p class='ocr_par' dir='ltr' id='par_1_2' title="bbox 144 566 1217 4049">
     <span class='ocr_line' id='line_1_2' title="bbox 147 566 1217 674; baseline 0.006 -45"><span class='ocrx_word' id='word_1_3' title='bbox 147 566 240 645; x_wconf 90' lang='lat' dir='ltr'><strong>ditis,</strong></span> <span class='ocrx_word' id='word_1_4' title='bbox 267 569 399 633; x_wconf 91' lang='lat' dir='ltr'><strong>rimatis</strong></span> <span class='ocrx_word' id='word_1_5' title='bbox 427 578 463 634; x_wconf 92' lang='lat' dir='ltr'><strong>et</strong></span> <span class='ocrx_word' id='word_1_6' title='bbox 488 571 695 634; x_wconf 85' lang='lat' dir='ltr'><strong>examinatis</strong></span> <span class='ocrx_word' id='word_1_7' title='bbox 727 578 762 635; x_wconf 87' lang='lat' dir='ltr'><strong>et</strong></span> <span class='ocrx_word' id='word_1_8' title='bbox 788 570 971 651; x_wconf 85' lang='lat' dir='ltr'>diligenter</span> <span class='ocrx_word' id='word_1_9' title='bbox 996 570 1217 674; x_wconf 58' lang='lat' dir='ltr'><strong>intel-fflptffl&#39;·</strong></span> 
     </span>
     <span class='ocr_line' id='line_1_3' title="bbox 146 644 1212 755; baseline 0.006 -27"><span class='ocrx_word' id='word_1_10' title='bbox 146 666 246 732; x_wconf 91' lang='lat' dir='ltr'><strong>lectis</strong></span> <span class='ocrx_word' id='word_1_11' title='bbox 262 671 412 751; x_wconf 86' lang='lat' dir='ltr'><strong>partium</strong></span> <span class='ocrx_word' id='word_1_12' title='bbox 429 669 577 755; x_wconf 89' lang='lat' dir='ltr'><strong>juribus,</strong></span> <span class='ocrx_word' id='word_1_13' title='bbox 598 671 746 734; x_wconf 88' lang='lat' dir='ltr'><strong>finaliter</strong></span> <span class='ocrx_word' id='word_1_14' title='bbox 765 671 799 733; x_wconf 92' lang='lat' dir='ltr'><strong>in</strong></span> <span class='ocrx_word' id='word_1_15' title='bbox 820 671 1005 753; x_wconf 66' lang='lat' dir='ltr'><strong>praesentia</strong></span> <span class='ocrx_word' id='word_1_16' title='bbox 1020 690 1093 734; x_wconf 90' lang='lat' dir='ltr'><strong>onr-</strong></span> <span class='ocrx_word' id='word_1_17' title='bbox 1107 644 1212 734; x_wconf 63' lang='lat' dir='ltr'><strong>{illm</strong></span> 
     </span>
     <span class='ocr_line' id='line_1_4' title="bbox 146 767 1095 854; baseline 0.006 -26"><span class='ocrx_word' id='word_1_18' title='bbox 146 767 241 831; x_wconf 91' lang='lat' dir='ltr'><strong>nium</strong></span> <span class='ocrx_word' id='word_1_19' title='bbox 267 770 487 851; x_wconf 84' lang='lat' dir='ltr'><strong>praelatorum</strong></span> <span class='ocrx_word' id='word_1_20' title='bbox 512 777 548 834; x_wconf 90' lang='lat' dir='ltr'><strong>et</strong></span> <span class='ocrx_word' id='word_1_21' title='bbox 570 770 734 834; x_wconf 88' lang='lat' dir='ltr'>nobilium</span> <span class='ocrx_word' id='word_1_22' title='bbox 756 771 856 854; x_wconf 82' lang='lat' dir='ltr'><strong>quasi</strong></span> <span class='ocrx_word' id='word_1_23' title='bbox 875 770 981 833; x_wconf 90' lang='lat' dir='ltr'><strong>totius</strong></span> <span class='ocrx_word' id='word_1_24' title='bbox 996 771 1095 851; x_wconf 85' lang='lat' dir='ltr'><strong>regni</strong></span> 
     </span>
     <span class='ocr_line' id='line_1_5' title="bbox 147 865 1092 952; baseline 0.005 -23"><span class='ocrx_word' id='word_1_25' title='bbox 147 865 285 945; x_wconf 89' lang='lat' dir='ltr'><strong>Scotiae,</strong></span> <span class='ocrx_word' id='word_1_26' title='bbox 308 877 343 933; x_wconf 91' lang='lat' dir='ltr'><strong>et</strong></span> <span class='ocrx_word' id='word_1_27' title='bbox 363 869 406 933; x_wconf 86' lang='lat' dir='ltr'><strong>de</strong></span> <span class='ocrx_word' id='word_1_28' title='bbox 423 870 602 934; x_wconf 88' lang='lat' dir='ltr'><strong>voluntate</strong></span> <span class='ocrx_word' id='word_1_29' title='bbox 624 878 660 934; x_wconf 88' lang='lat' dir='ltr'><strong>et</strong></span> <span class='ocrx_word' id='word_1_30' title='bbox 682 889 825 935; x_wconf 88' lang='lat' dir='ltr'><strong>assensu</strong></span> <span class='ocrx_word' id='word_1_31' title='bbox 848 888 1014 952; x_wconf 86' lang='lat' dir='ltr'><strong>expresso</strong></span> <span class='ocrx_word' id='word_1_32' title='bbox 1036 889 1092 934; x_wconf 89' lang='lat' dir='ltr'><strong>eo·</strong></span> 
     </span>
     <span class='ocr_line' id='line_1_6' title="bbox 147 967 1093 1052; baseline 0.005 -23"><span class='ocrx_word' id='word_1_33' title='bbox 147 967 289 1031; x_wconf 91' lang='lat' dir='ltr'><strong>rundem</strong></span> <span class='ocrx_word' id='word_1_34' title='bbox 314 970 549 1052; x_wconf 87' lang='lat' dir='ltr'><strong>procedentes,</strong></span> <span class='ocrx_word' id='word_1_35' title='bbox 580 970 753 1034; x_wconf 82' lang='lat' dir='ltr'><strong>Joannem</strong></span> <span class='ocrx_word' id='word_1_36' title='bbox 783 970 825 1033; x_wconf 79' lang='lat' dir='ltr'><strong>(le</strong></span> <span class='ocrx_word' id='word_1_37' title='bbox 854 969 1005 1033; x_wconf 86' lang='lat' dir='ltr'><strong>Balliolo</strong></span> <span class='ocrx_word' id='word_1_38' title='bbox 1034 969 1093 1035; x_wconf 87' lang='lat' dir='ltr'><strong>de·</strong></span> 
     </span>
     <span class='ocr_line' id='line_1_7' title="bbox 145 1067 1093 1154; baseline 0.005 -25"><span class='ocrx_word' id='word_1_39' title='bbox 145 1067 216 1130; x_wconf 92' lang='lat' dir='ltr'><strong>hite</strong></span> <span class='ocrx_word' id='word_1_40' title='bbox 238 1069 452 1150; x_wconf 85' lang='lat' dir='ltr'><strong>praefecimns</strong></span> <span class='ocrx_word' id='word_1_41' title='bbox 471 1071 506 1134; x_wconf 94' lang='lat' dir='ltr'><strong>in</strong></span> <span class='ocrx_word' id='word_1_42' title='bbox 531 1089 645 1151; x_wconf 83' lang='lat' dir='ltr'><strong>regem</strong></span> <span class='ocrx_word' id='word_1_43' title='bbox 669 1070 862 1147; x_wconf 88' lang='lat' dir='ltr'><strong>Scotorum,</strong></span> <span class='ocrx_word' id='word_1_44' title='bbox 884 1089 986 1154; x_wconf 85' lang='lat' dir='ltr'><strong>quern</strong></span> <span class='ocrx_word' id='word_1_45' title='bbox 1010 1076 1093 1134; x_wconf 89' lang='lat' dir='ltr'><strong>tunc</strong></span> 
     </span>
     <span class='ocr_line' id='line_1_8' title="bbox 146 1167 1093 1254; baseline 0.005 -26"><span class='ocrx_word' id='word_1_46' title='bbox 146 1167 182 1229; x_wconf 91' lang='lat' dir='ltr'><strong>in</strong></span> <span class='ocrx_word' id='word_1_47' title='bbox 210 1170 426 1233; x_wconf 87' lang='lat' dir='ltr'><strong>successione</strong></span> <span class='ocrx_word' id='word_1_48' title='bbox 453 1170 605 1254; x_wconf 89' lang='lat' dir='ltr'><strong>ejusdem</strong></span> <span class='ocrx_word' id='word_1_49' title='bbox 638 1170 737 1253; x_wconf 82' lang='lat' dir='ltr'><strong>regni</strong></span> <span class='ocrx_word' id='word_1_50' title='bbox 769 1170 904 1235; x_wconf 91' lang='lat' dir='ltr'><strong>heredis</strong></span> <span class='ocrx_word' id='word_1_51' title='bbox 926 1168 1009 1254; x_wconf 86' lang='lat' dir='ltr'><strong>jura</strong></span> <span class='ocrx_word' id='word_1_52' title='bbox 1040 1170 1093 1233; x_wconf 89' lang='lat' dir='ltr'><strong>in-</strong></span> 
     </span>
     <span class='ocr_line' id='line_1_9' title="bbox 146 1268 1091 1355; baseline 0.004 -26"><span class='ocrx_word' id='word_1_53' title='bbox 146 1268 301 1331; x_wconf 88' lang='lat' dir='ltr'><strong>venimus</strong></span> <span class='ocrx_word' id='word_1_54' title='bbox 332 1268 457 1333; x_wconf 86' lang='lat' dir='ltr'><strong>habere</strong></span> <span class='ocrx_word' id='word_1_55' title='bbox 490 1270 647 1352; x_wconf 90' lang='lat' dir='ltr'><strong>potiora;</strong></span> <span class='ocrx_word' id='word_1_56' title='bbox 687 1270 746 1352; x_wconf 92' lang='lat' dir='ltr'><strong>qui</strong></span> <span class='ocrx_word' id='word_1_57' title='bbox 776 1269 913 1355; x_wconf 91' lang='lat' dir='ltr'><strong>quidem</strong></span> <span class='ocrx_word' id='word_1_58' title='bbox 944 1270 1091 1353; x_wconf 90' lang='lat' dir='ltr'><strong>praelati,</strong></span> 
     </span>
     <span class='ocr_line' id='line_1_10' title="bbox 146 1368 1093 1445; baseline 0.003 -15"><span class='ocrx_word' id='word_1_59' title='bbox 146 1368 298 1445; x_wconf 87' lang='lat' dir='ltr'><strong>comites,</strong></span> <span class='ocrx_word' id='word_1_60' title='bbox 325 1377 360 1433; x_wconf 92' lang='lat' dir='ltr'><strong>et</strong></span> <span class='ocrx_word' id='word_1_61' title='bbox 381 1371 536 1444; x_wconf 91' lang='lat' dir='ltr'><strong>barones,</strong></span> <span class='ocrx_word' id='word_1_62' title='bbox 564 1371 827 1434; x_wconf 86' lang='lat' dir='ltr'><strong>communitates</strong></span> <span class='ocrx_word' id='word_1_63' title='bbox 849 1389 891 1433; x_wconf 90' lang='lat' dir='ltr'><strong>ac</strong></span> <span class='ocrx_word' id='word_1_64' title='bbox 912 1369 1017 1434; x_wconf 89' lang='lat' dir='ltr'><strong>ceteri</strong></span> <span class='ocrx_word' id='word_1_65' title='bbox 1042 1371 1093 1433; x_wconf 91' lang='lat' dir='ltr'><strong>in·</strong></span> 
     </span>
     <span class='ocr_line' id='line_1_11' title="bbox 145 1467 1093 1552; baseline 0.004 -23"><span class='ocrx_word' id='word_1_66' title='bbox 145 1467 231 1530; x_wconf 86' lang='lat' dir='ltr'><strong>colae</strong></span> <span class='ocrx_word' id='word_1_67' title='bbox 258 1470 353 1550; x_wconf 80' lang='lat' dir='ltr'><strong>regni</strong></span> <span class='ocrx_word' id='word_1_68' title='bbox 385 1470 493 1552; x_wconf 90' lang='lat' dir='ltr'><strong>ipsius</strong></span> <span class='ocrx_word' id='word_1_69' title='bbox 520 1470 726 1535; x_wconf 87' lang='lat' dir='ltr'><strong>seutentiam</strong></span> <span class='ocrx_word' id='word_1_70' title='bbox 754 1477 908 1534; x_wconf 89' lang='lat' dir='ltr'><strong>nostram</strong></span> <span class='ocrx_word' id='word_1_71' title='bbox 935 1476 1093 1552; x_wconf 89' lang='lat' dir='ltr'><strong>accepta·</strong></span> 
     </span>
     <span class='ocr_line' id='line_1_12' title="bbox 146 1568 1094 1652; baseline 0.006 -24"><span class='ocrx_word' id='word_1_72' title='bbox 146 1574 281 1643; x_wconf 87' lang='lat' dir='ltr'><strong>verunt,</strong></span> <span class='ocrx_word' id='word_1_73' title='bbox 313 1571 604 1651; x_wconf 88' lang='lat' dir='ltr'><strong>approbaverunt,</strong></span> <span class='ocrx_word' id='word_1_74' title='bbox 636 1578 672 1632; x_wconf 88' lang='lat' dir='ltr'><strong>et</strong></span> <span class='ocrx_word' id='word_1_75' title='bbox 701 1571 815 1652; x_wconf 91' lang='lat' dir='ltr'><strong>ipsum</strong></span> <span class='ocrx_word' id='word_1_76' title='bbox 846 1568 869 1633; x_wconf 88' lang='lat' dir='ltr'>J</span> <span class='ocrx_word' id='word_1_77' title='bbox 873 1589 1016 1634; x_wconf 88' lang='lat' dir='ltr'><strong>oannem</strong></span> <span class='ocrx_word' id='word_1_78' title='bbox 1051 1569 1094 1634; x_wconf 89' lang='lat' dir='ltr'><strong>de</strong></span> 
     </span>
     <span class='ocr_line' id='line_1_13' title="bbox 147 1666 1093 1753; baseline 0.005 -25"><span class='ocrx_word' id='word_1_79' title='bbox 147 1666 310 1731; x_wconf 88' lang='lat' dir='ltr'><strong>mandato</strong></span> <span class='ocrx_word' id='word_1_80' title='bbox 337 1677 456 1733; x_wconf 90' lang='lat' dir='ltr'><strong>nostro</strong></span> <span class='ocrx_word' id='word_1_81' title='bbox 482 1670 611 1733; x_wconf 87' lang='lat' dir='ltr'><strong>virtute</strong></span> <span class='ocrx_word' id='word_1_82' title='bbox 636 1669 740 1753; x_wconf 92' lang='lat' dir='ltr'><strong>hujus</strong></span> <span class='ocrx_word' id='word_1_83' title='bbox 766 1669 887 1753; x_wconf 91' lang='lat' dir='ltr'><strong>judicii</strong></span> <span class='ocrx_word' id='word_1_84' title='bbox 918 1669 953 1731; x_wconf 90' lang='lat' dir='ltr'><strong>in</strong></span> <span class='ocrx_word' id='word_1_85' title='bbox 978 1689 1093 1751; x_wconf 84' lang='lat' dir='ltr'><strong>regem</strong></span> 
     </span>
     <span class='ocr_line' id='line_1_14' title="bbox 146 1766 1095 1835; baseline 0.005 -6"><span class='ocrx_word' id='word_1_86' title='bbox 146 1785 246 1830; x_wconf 91' lang='lat' dir='ltr'><strong>suurn</strong></span> <span class='ocrx_word' id='word_1_87' title='bbox 263 1766 482 1833; x_wconf 89' lang='lat' dir='ltr'><strong>admiserunt.</strong></span> <span class='ocrx_word' id='word_1_88' title='bbox 529 1768 584 1835; x_wconf 89' lang='lat' dir='ltr'><strong>Ac</strong></span> <span class='ocrx_word' id='word_1_89' title='bbox 605 1768 696 1833; x_wconf 88' lang='lat' dir='ltr'><strong>idern</strong></span> <span class='ocrx_word' id='word_1_90' title='bbox 712 1769 735 1834; x_wconf 90' lang='lat' dir='ltr'>J</span> <span class='ocrx_word' id='word_1_91' title='bbox 739 1788 867 1833; x_wconf 87' lang='lat' dir='ltr'><strong>oannes</strong></span> <span class='ocrx_word' id='word_1_92' title='bbox 889 1789 951 1833; x_wconf 88' lang='lat' dir='ltr'><strong>rex</strong></span> <span class='ocrx_word' id='word_1_93' title='bbox 967 1768 1095 1834; x_wconf 86' lang='lat' dir='ltr'><strong>Scotiao</strong></span> 
     </span>
     <span class='ocr_line' id='line_1_15' title="bbox 146 1869 1093 1951; baseline 0.004 -23"><span class='ocrx_word' id='word_1_94' title='bbox 146 1887 209 1948; x_wconf 93' lang='lat' dir='ltr'><strong>pro</strong></span> <span class='ocrx_word' id='word_1_95' title='bbox 231 1886 337 1948; x_wconf 84' lang='lat' dir='ltr'><strong>regno</strong></span> <span class='ocrx_word' id='word_1_96' title='bbox 362 1888 426 1932; x_wconf 92' lang='lat' dir='ltr'><strong>suo</strong></span> <span class='ocrx_word' id='word_1_97' title='bbox 453 1869 618 1951; x_wconf 91' lang='lat' dir='ltr'><strong>praedicto</strong></span> <span class='ocrx_word' id='word_1_98' title='bbox 647 1869 746 1933; x_wconf 90' lang='lat' dir='ltr'><strong>uobis</strong></span> <span class='ocrx_word' id='word_1_99' title='bbox 774 1869 971 1951; x_wconf 85' lang='lat' dir='ltr'><strong>homagium</strong></span> <span class='ocrx_word' id='word_1_100' title='bbox 998 1869 1093 1933; x_wconf 92' lang='lat' dir='ltr'><strong>debi-</strong></span> 
     </span>
     <span class='ocr_line' id='line_1_16' title="bbox 149 1968 1093 2052; baseline 0.003 -24"><span class='ocrx_word' id='word_1_101' title='bbox 149 1973 221 2029; x_wconf 92' lang='lat' dir='ltr'><strong>tum</strong></span> <span class='ocrx_word' id='word_1_102' title='bbox 246 1973 281 2029; x_wconf 92' lang='lat' dir='ltr'><strong>et</strong></span> <span class='ocrx_word' id='word_1_103' title='bbox 303 1976 502 2033; x_wconf 89' lang='lat' dir='ltr'><strong>consuetum</strong></span> <span class='ocrx_word' id='word_1_104' title='bbox 535 1968 627 2045; x_wconf 88' lang='lat' dir='ltr'><strong>fecit,</strong></span> <span class='ocrx_word' id='word_1_105' title='bbox 654 1975 689 2032; x_wconf 89' lang='lat' dir='ltr'><strong>et</strong></span> <span class='ocrx_word' id='word_1_106' title='bbox 715 1968 890 2033; x_wconf 85' lang='lat' dir='ltr'><strong>fidelitatis</strong></span> <span class='ocrx_word' id='word_1_107' title='bbox 915 1969 1093 2052; x_wconf 89' lang='lat' dir='ltr'><strong>juramen·</strong></span> 
     </span>
     <span class='ocr_line' id='line_1_17' title="bbox 146 2068 1094 2151; baseline 0.003 -22"><span class='ocrx_word' id='word_1_108' title='bbox 146 2074 218 2130; x_wconf 89' lang='lat' dir='ltr'><strong>turn</strong></span> <span class='ocrx_word' id='word_1_109' title='bbox 254 2068 428 2148; x_wconf 84' lang='lat' dir='ltr'><strong>praestitit,</strong></span> <span class='ocrx_word' id='word_1_110' title='bbox 460 2076 496 2132; x_wconf 88' lang='lat' dir='ltr'><strong>et</strong></span> <span class='ocrx_word' id='word_1_111' title='bbox 529 2075 658 2132; x_wconf 86' lang='lat' dir='ltr'><strong>extunc</strong></span> <span class='ocrx_word' id='word_1_112' title='bbox 687 2074 759 2131; x_wconf 91' lang='lat' dir='ltr'><strong>tam</strong></span> <span class='ocrx_word' id='word_1_113' title='bbox 789 2068 823 2131; x_wconf 91' lang='lat' dir='ltr'><strong>in</strong></span> <span class='ocrx_word' id='word_1_114' title='bbox 857 2068 1094 2151; x_wconf 88' lang='lat' dir='ltr'><strong>parliamentis</strong></span> 
     </span>
     <span class='ocr_line' id='line_1_18' title="bbox 147 2167 1094 2249; baseline 0.003 -21"><span class='ocrx_word' id='word_1_115' title='bbox 147 2186 251 2249; x_wconf 91' lang='lat' dir='ltr'><strong>quam</strong></span> <span class='ocrx_word' id='word_1_116' title='bbox 292 2168 326 2230; x_wconf 92' lang='lat' dir='ltr'><strong>in</strong></span> <span class='ocrx_word' id='word_1_117' title='bbox 365 2168 517 2232; x_wconf 91' lang='lat' dir='ltr'><strong>consiliis</strong></span> <span class='ocrx_word' id='word_1_118' title='bbox 559 2168 698 2244; x_wconf 91' lang='lat' dir='ltr'><strong>nostris,</strong></span> <span class='ocrx_word' id='word_1_119' title='bbox 731 2175 897 2249; x_wconf 86' lang='lat' dir='ltr'><strong>tanquam</strong></span> <span class='ocrx_word' id='word_1_120' title='bbox 936 2167 1094 2233; x_wconf 90' lang='lat' dir='ltr'><strong>subditus</strong></span> 
     </span>
     <span class='ocr_line' id='line_1_19' title="bbox 147 2266 1095 2348; baseline 0.003 -19"><span class='ocrx_word' id='word_1_121' title='bbox 147 2275 275 2344; x_wconf 90' lang='lat' dir='ltr'><strong>nostor,</strong></span> <span class='ocrx_word' id='word_1_122' title='bbox 301 2267 391 2331; x_wconf 90' lang='lat' dir='ltr'><strong>sieut</strong></span> <span class='ocrx_word' id='word_1_123' title='bbox 420 2268 477 2331; x_wconf 91' lang='lat' dir='ltr'><strong>alii</strong></span> <span class='ocrx_word' id='word_1_124' title='bbox 505 2267 546 2330; x_wconf 91' lang='lat' dir='ltr'><strong>de</strong></span> <span class='ocrx_word' id='word_1_125' title='bbox 576 2286 683 2348; x_wconf 84' lang='lat' dir='ltr'><strong>regno</strong></span> <span class='ocrx_word' id='word_1_126' title='bbox 708 2275 838 2343; x_wconf 91' lang='lat' dir='ltr'><strong>nostro,</strong></span> <span class='ocrx_word' id='word_1_127' title='bbox 865 2266 1032 2344; x_wconf 81' lang='lat' dir='ltr'><strong>interfuit,</strong></span> <span class='ocrx_word' id='word_1_128' title='bbox 1059 2275 1095 2332; x_wconf 88' lang='lat' dir='ltr'><strong>et</strong></span> 
     </span>
     <span class='ocr_line' id='line_1_20' title="bbox 145 2366 1093 2450; baseline 0.004 -22"><span class='ocrx_word' id='word_1_129' title='bbox 145 2367 253 2429; x_wconf 84' lang='lat' dir='ltr'><strong>nostri</strong></span> <span class='ocrx_word' id='word_1_130' title='bbox 286 2374 452 2449; x_wconf 88' lang='lat' dir='ltr'><strong>tanquam</strong></span> <span class='ocrx_word' id='word_1_131' title='bbox 479 2366 607 2430; x_wconf 91' lang='lat' dir='ltr'><strong>domini</strong></span> <span class='ocrx_word' id='word_1_132' title='bbox 630 2368 684 2432; x_wconf 92' lang='lat' dir='ltr'><strong>sui</strong></span> <span class='ocrx_word' id='word_1_133' title='bbox 719 2367 904 2449; x_wconf 88' lang='lat' dir='ltr'><strong>superioris</strong></span> <span class='ocrx_word' id='word_1_134' title='bbox 931 2367 1093 2450; x_wconf 89' lang='lat' dir='ltr'><strong>henepla-</strong></span> 
     </span>
     <span class='ocr_line' id='line_1_21' title="bbox 148 2466 1093 2546; baseline 0.004 -18"><span class='ocrx_word' id='word_1_135' title='bbox 148 2467 225 2528; x_wconf 90' lang='lat' dir='ltr'><strong>citis</strong></span> <span class='ocrx_word' id='word_1_136' title='bbox 247 2473 281 2529; x_wconf 89' lang='lat' dir='ltr'><strong>et</strong></span> <span class='ocrx_word' id='word_1_137' title='bbox 303 2467 475 2531; x_wconf 90' lang='lat' dir='ltr'><strong>mandatis</strong></span> <span class='ocrx_word' id='word_1_138' title='bbox 497 2466 658 2530; x_wconf 91' lang='lat' dir='ltr'><strong>obediens</strong></span> <span class='ocrx_word' id='word_1_139' title='bbox 684 2474 720 2531; x_wconf 88' lang='lat' dir='ltr'><strong>et</strong></span> <span class='ocrx_word' id='word_1_140' title='bbox 740 2467 920 2531; x_wconf 89' lang='lat' dir='ltr'><strong>intendens</strong></span> <span class='ocrx_word' id='word_1_141' title='bbox 946 2468 1093 2546; x_wconf 89' lang='lat' dir='ltr'><strong>exstitit,</strong></span> 
     </span>
     <span class='ocr_line' id='line_1_22' title="bbox 146 2565 1092 2649; baseline 0.004 -22"><span class='ocrx_word' id='word_1_142' title='bbox 146 2585 325 2648; x_wconf 89' lang='lat' dir='ltr'><strong>quousque</strong></span> <span class='ocrx_word' id='word_1_143' title='bbox 353 2567 442 2630; x_wconf 91' lang='lat' dir='ltr'><strong>idem</strong></span> <span class='ocrx_word' id='word_1_144' title='bbox 465 2565 488 2630; x_wconf 88' lang='lat' dir='ltr'>J</span> <span class='ocrx_word' id='word_1_145' title='bbox 492 2585 621 2630; x_wconf 87' lang='lat' dir='ltr'><strong>oannes</strong></span> <span class='ocrx_word' id='word_1_146' title='bbox 642 2586 704 2631; x_wconf 90' lang='lat' dir='ltr'><strong>rex</strong></span> <span class='ocrx_word' id='word_1_147' title='bbox 727 2566 865 2643; x_wconf 86' lang='lat' dir='ltr'><strong>Scotiae,</strong></span> <span class='ocrx_word' id='word_1_148' title='bbox 888 2574 923 2631; x_wconf 93' lang='lat' dir='ltr'><strong>et</strong></span> <span class='ocrx_word' id='word_1_149' title='bbox 945 2567 1092 2649; x_wconf 87' lang='lat' dir='ltr'><strong>praelati,</strong></span> 
     </span>
     <span class='ocr_line' id='line_1_23' title="bbox 145 2666 1093 2744; baseline 0.001 -14"><span class='ocrx_word' id='word_1_150' title='bbox 145 2667 288 2730; x_wconf 90' lang='lat' dir='ltr'><strong>comites</strong></span> <span class='ocrx_word' id='word_1_151' title='bbox 315 2673 349 2729; x_wconf 91' lang='lat' dir='ltr'><strong>et</strong></span> <span class='ocrx_word' id='word_1_152' title='bbox 382 2668 540 2743; x_wconf 91' lang='lat' dir='ltr'><strong>barones,</strong></span> <span class='ocrx_word' id='word_1_153' title='bbox 576 2666 719 2744; x_wconf 88' lang='lat' dir='ltr'><strong>nobiles,</strong></span> <span class='ocrx_word' id='word_1_154' title='bbox 749 2667 1022 2743; x_wconf 87' lang='lat' dir='ltr'><strong>communitates,</strong></span> <span class='ocrx_word' id='word_1_155' title='bbox 1053 2685 1093 2731; x_wconf 87' lang='lat' dir='ltr'><strong>ac</strong></span> 
     </span>
     <span class='ocr_line' id='line_1_24' title="bbox 144 2765 1093 2849; baseline 0.002 -21"><span class='ocrx_word' id='word_1_156' title='bbox 144 2767 248 2829; x_wconf 91' lang='lat' dir='ltr'><strong>ceteri</strong></span> <span class='ocrx_word' id='word_1_157' title='bbox 273 2766 395 2831; x_wconf 77' lang='lat' dir='ltr'><strong>incolae</strong></span> <span class='ocrx_word' id='word_1_158' title='bbox 424 2766 573 2849; x_wconf 88' lang='lat' dir='ltr'><strong>majores</strong></span> <span class='ocrx_word' id='word_1_159' title='bbox 608 2765 761 2849; x_wconf 90' lang='lat' dir='ltr'><strong>ejusdem</strong></span> <span class='ocrx_word' id='word_1_160' title='bbox 793 2768 904 2847; x_wconf 82' lang='lat' dir='ltr'><strong>regni,</strong></span> <span class='ocrx_word' id='word_1_161' title='bbox 933 2786 978 2830; x_wconf 89' lang='lat' dir='ltr'><strong>ex</strong></span> <span class='ocrx_word' id='word_1_162' title='bbox 1003 2786 1093 2848; x_wconf 85' lang='lat' dir='ltr'><strong>prae·</strong></span> 
     </span>
     <span class='ocr_line' id='line_1_25' title="bbox 148 2866 1094 2949; baseline 0.002 -21"><span class='ocrx_word' id='word_1_163' title='bbox 148 2877 316 2948; x_wconf 87' lang='lat' dir='ltr'><strong>concepta</strong></span> <span class='ocrx_word' id='word_1_164' title='bbox 340 2866 473 2930; x_wconf 87' lang='lat' dir='ltr'><strong>malitia</strong></span> <span class='ocrx_word' id='word_1_165' title='bbox 502 2873 536 2929; x_wconf 94' lang='lat' dir='ltr'><strong>et</strong></span> <span class='ocrx_word' id='word_1_166' title='bbox 566 2866 767 2949; x_wconf 83' lang='lat' dir='ltr'><strong>praelocuta,</strong></span> <span class='ocrx_word' id='word_1_167' title='bbox 796 2885 837 2930; x_wconf 92' lang='lat' dir='ltr'><strong>ac</strong></span> <span class='ocrx_word' id='word_1_168' title='bbox 862 2866 1094 2948; x_wconf 87' lang='lat' dir='ltr'><strong>praeordinata</strong></span> 
     </span>
     <span class='ocr_line' id='line_1_26' title="bbox 146 2959 1092 3047; baseline 0.001 -19"><span class='ocrx_word' id='word_1_169' title='bbox 146 2965 351 3047; x_wconf 92' lang='lat' dir='ltr'><strong>proditione,</strong></span> <span class='ocrx_word' id='word_1_170' title='bbox 378 2966 630 3030; x_wconf 89' lang='lat' dir='ltr'><strong>communicato</strong></span> <span class='ocrx_word' id='word_1_171' title='bbox 654 2966 797 3031; x_wconf 88' lang='lat' dir='ltr'><strong>consilio</strong></span> <span class='ocrx_word' id='word_1_172' title='bbox 823 2985 900 3030; x_wconf 91' lang='lat' dir='ltr'><strong>cum</strong></span> <span class='ocrx_word' id='word_1_173' title='bbox 930 2959 1092 3029; x_wconf 88' lang='lat' dir='ltr'><strong>¹Francis</strong></span> 
     </span>
     <span class='ocr_line' id='line_1_27' title="bbox 149 3066 1092 3149; baseline -0.001 -19"><span class='ocrx_word' id='word_1_174' title='bbox 149 3075 230 3130; x_wconf 89' lang='lat' dir='ltr'><strong>tunc</strong></span> <span class='ocrx_word' id='word_1_175' title='bbox 257 3067 401 3129; x_wconf 88' lang='lat' dir='ltr'><strong>inimicis</strong></span> <span class='ocrx_word' id='word_1_176' title='bbox 425 3067 552 3131; x_wconf 90' lang='lat' dir='ltr'><strong>nostris</strong></span> <span class='ocrx_word' id='word_1_177' title='bbox 575 3066 781 3149; x_wconf 86' lang='lat' dir='ltr'><strong>capitalibus</strong></span> <span class='ocrx_word' id='word_1_178' title='bbox 804 3066 949 3130; x_wconf 87' lang='lat' dir='ltr'><strong>notoriis</strong></span> <span class='ocrx_word' id='word_1_179' title='bbox 974 3066 1092 3129; x_wconf 87' lang='lat' dir='ltr'><strong>amici·</strong></span> 
     </span>
     <span class='ocr_line' id='line_1_28' title="bbox 148 3165 1093 3249; baseline 0.003 -21"><span class='ocrx_word' id='word_1_180' title='bbox 148 3166 215 3229; x_wconf 85' lang='lat' dir='ltr'><strong>tias</strong></span> <span class='ocrx_word' id='word_1_181' title='bbox 240 3165 457 3247; x_wconf 87' lang='lat' dir='ltr'><strong>copularunt,</strong></span> <span class='ocrx_word' id='word_1_182' title='bbox 480 3184 521 3229; x_wconf 91' lang='lat' dir='ltr'><strong>ac</strong></span> <span class='ocrx_word' id='word_1_183' title='bbox 544 3166 732 3247; x_wconf 87' lang='lat' dir='ltr'><strong>pactiones,</strong></span> <span class='ocrx_word' id='word_1_184' title='bbox 754 3167 1038 3249; x_wconf 89' lang='lat' dir='ltr'><strong>conspirationes,</strong></span> <span class='ocrx_word' id='word_1_185' title='bbox 1058 3173 1093 3231; x_wconf 86' lang='lat' dir='ltr'><strong>et</strong></span> 
     </span>
     <span class='ocr_line' id='line_1_29' title="bbox 146 3265 1095 3350; baseline 0.001 -21"><span class='ocrx_word' id='word_1_186' title='bbox 146 3266 415 3350; x_wconf 86' lang='lat' dir='ltr'><strong>conjurationes,</strong></span> <span class='ocrx_word' id='word_1_187' title='bbox 448 3266 482 3327; x_wconf 92' lang='lat' dir='ltr'><strong>in</strong></span> <span class='ocrx_word' id='word_1_188' title='bbox 520 3265 820 3329; x_wconf 83' lang='lat' dir='ltr'><strong>exheredationem</strong></span> <span class='ocrx_word' id='word_1_189' title='bbox 861 3273 1027 3343; x_wconf 88' lang='lat' dir='ltr'><strong>nostram,</strong></span> <span class='ocrx_word' id='word_1_190' title='bbox 1059 3274 1095 3330; x_wconf 89' lang='lat' dir='ltr'><strong>et</strong></span> 
     </span>
     <span class='ocr_line' id='line_1_30' title="bbox 147 3364 1094 3447; baseline 0.001 -19"><span class='ocrx_word' id='word_1_191' title='bbox 147 3364 309 3430; x_wconf 89' lang='lat' dir='ltr'><strong>heredum</strong></span> <span class='ocrx_word' id='word_1_192' title='bbox 333 3371 540 3441; x_wconf 90' lang='lat' dir='ltr'><strong>nostrorum,</strong></span> <span class='ocrx_word' id='word_1_193' title='bbox 564 3382 605 3427; x_wconf 92' lang='lat' dir='ltr'><strong>ac</strong></span> <span class='ocrx_word' id='word_1_194' title='bbox 626 3365 723 3447; x_wconf 80' lang='lat' dir='ltr'><strong>regni</strong></span> <span class='ocrx_word' id='word_1_195' title='bbox 747 3365 868 3442; x_wconf 91' lang='lat' dir='ltr'><strong>nostri,</strong></span> <span class='ocrx_word' id='word_1_196' title='bbox 891 3375 1013 3430; x_wconf 90' lang='lat' dir='ltr'><strong>contra</strong></span> <span class='ocrx_word' id='word_1_197' title='bbox 1035 3364 1094 3429; x_wconf 89' lang='lat' dir='ltr'><strong>de-</strong></span> 
     </span>
     <span class='ocr_line' id='line_1_31' title="bbox 147 3464 1095 3548; baseline 0.001 -20"><span class='ocrx_word' id='word_1_198' title='bbox 147 3467 256 3530; x_wconf 91' lang='lat' dir='ltr'><strong>bitum</strong></span> <span class='ocrx_word' id='word_1_199' title='bbox 282 3465 480 3545; x_wconf 78' lang='lat' dir='ltr'><strong>homagium</strong></span> <span class='ocrx_word' id='word_1_200' title='bbox 505 3464 617 3540; x_wconf 90' lang='lat' dir='ltr'><strong>nohis,</strong></span> <span class='ocrx_word' id='word_1_201' title='bbox 644 3465 679 3528; x_wconf 90' lang='lat' dir='ltr'><strong>in</strong></span> <span class='ocrx_word' id='word_1_202' title='bbox 700 3464 825 3527; x_wconf 89' lang='lat' dir='ltr'><strong>crimen</strong></span> <span class='ocrx_word' id='word_1_203' title='bbox 853 3465 946 3529; x_wconf 86' lang='lat' dir='ltr'><strong>laesae</strong></span> <span class='ocrx_word' id='word_1_204' title='bbox 973 3465 1095 3548; x_wconf 88' lang='lat' dir='ltr'><strong>majes-</strong></span> 
     </span>
     <span class='ocr_line' id='line_1_32' title="bbox 150 3562 1094 3648; baseline -0.004 -17"><span class='ocrx_word' id='word_1_205' title='bbox 150 3568 233 3631; x_wconf 89' lang='lat' dir='ltr'><strong>tatis</strong></span> <span class='ocrx_word' id='word_1_206' title='bbox 262 3567 419 3648; x_wconf 85' lang='lat' dir='ltr'><strong>nequiter</strong></span> <span class='ocrx_word' id='word_1_207' title='bbox 444 3562 637 3640; x_wconf 88' lang='lat' dir='ltr'><strong>incidendo,</strong></span> <span class='ocrx_word' id='word_1_208' title='bbox 661 3562 837 3627; x_wconf 88' lang='lat' dir='ltr'><strong>fidelitatis</strong></span> <span class='ocrx_word' id='word_1_209' title='bbox 861 3564 1094 3648; x_wconf 87' lang='lat' dir='ltr'><strong>juramentum</strong></span> 
     </span>
     <span class='ocr_line' id='line_1_33' title="bbox 148 3663 1095 3747; baseline -0.003 -17"><span class='ocrx_word' id='word_1_210' title='bbox 148 3668 299 3731; x_wconf 85' lang='lat' dir='ltr'><strong>inierunt</strong></span> <span class='ocrx_word' id='word_1_211' title='bbox 329 3685 406 3730; x_wconf 91' lang='lat' dir='ltr'><strong>cnm</strong></span> <span class='ocrx_word' id='word_1_212' title='bbox 438 3665 569 3728; x_wconf 87' lang='lat' dir='ltr'><strong>iisdem.</strong></span> <span class='ocrx_word' id='word_1_213' title='bbox 639 3663 769 3729; x_wconf 91' lang='lat' dir='ltr'><strong>Verum</strong></span> <span class='ocrx_word' id='word_1_214' title='bbox 797 3683 874 3727; x_wconf 92' lang='lat' dir='ltr'><strong>cum</strong></span> <span class='ocrx_word' id='word_1_215' title='bbox 905 3665 1095 3747; x_wconf 85' lang='lat' dir='ltr'><strong>praemissa,</strong></span> 
     </span>
     <span class='ocr_line' id='line_1_34' title="bbox 149 3763 1096 3849; baseline -0.001 -20"><span class='ocrx_word' id='word_1_216' title='bbox 149 3767 314 3832; x_wconf 88' lang='lat' dir='ltr'><strong>relatione</strong></span> <span class='ocrx_word' id='word_1_217' title='bbox 337 3766 483 3832; x_wconf 89' lang='lat' dir='ltr'><strong>etfama</strong></span> <span class='ocrx_word' id='word_1_218' title='bbox 504 3764 642 3849; x_wconf 87' lang='lat' dir='ltr'><strong>publica</strong></span> <span class='ocrx_word' id='word_1_219' title='bbox 663 3763 705 3828; x_wconf 92' lang='lat' dir='ltr'><strong>ad</strong></span> <span class='ocrx_word' id='word_1_220' title='bbox 725 3783 826 3849; x_wconf 88' lang='lat' dir='ltr'><strong>aures</strong></span> <span class='ocrx_word' id='word_1_221' title='bbox 846 3772 983 3829; x_wconf 87' lang='lat' dir='ltr'><strong>nostras</strong></span> <span class='ocrx_word' id='word_1_222' title='bbox 998 3764 1096 3828; x_wconf 88' lang='lat' dir='ltr'><strong>deve·</strong></span> 
     </span>
     <span class='ocr_line' id='line_1_35' title="bbox 149 3865 1097 3948; baseline 0 -19"><span class='ocrx_word' id='word_1_223' title='bbox 149 3867 293 3946; x_wconf 91' lang='lat' dir='ltr'><strong>nissent,</strong></span> <span class='ocrx_word' id='word_1_224' title='bbox 330 3867 486 3931; x_wconf 84' lang='lat' dir='ltr'><strong>volentes</strong></span> <span class='ocrx_word' id='word_1_225' title='bbox 522 3866 647 3929; x_wconf 89' lang='lat' dir='ltr'><strong>futuris</strong></span> <span class='ocrx_word' id='word_1_226' title='bbox 690 3865 850 3948; x_wconf 85' lang='lat' dir='ltr'><strong>periculis</strong></span> <span class='ocrx_word' id='word_1_227' title='bbox 890 3883 1097 3947; x_wconf 84' lang='lat' dir='ltr'><strong>praecavere,</strong></span> 
     </span>
     <span class='ocr_line' id='line_1_36' title="bbox 150 3965 1098 4049; baseline -0.002 -20"><span class='ocrx_word' id='word_1_228' title='bbox 150 3987 228 4049; x_wconf 85' lang='lat' dir='ltr'><strong>quae</strong></span> <span class='ocrx_word' id='word_1_229' title='bbox 251 3987 296 4030; x_wconf 88' lang='lat' dir='ltr'><strong>ex</strong></span> <span class='ocrx_word' id='word_1_230' title='bbox 318 3966 371 4029; x_wconf 91' lang='lat' dir='ltr'><strong>his</strong></span> <span class='ocrx_word' id='word_1_231' title='bbox 392 3974 427 4030; x_wconf 88' lang='lat' dir='ltr'><strong>et</strong></span> <span class='ocrx_word' id='word_1_232' title='bbox 445 3966 522 4031; x_wconf 91' lang='lat' dir='ltr'><strong>aliis</strong></span> <span class='ocrx_word' id='word_1_233' title='bbox 541 3972 683 4049; x_wconf 91' lang='lat' dir='ltr'><strong>possent</strong></span> <span class='ocrx_word' id='word_1_234' title='bbox 705 3965 817 4041; x_wconf 91' lang='lat' dir='ltr'><strong>nohis,</strong></span> <span class='ocrx_word' id='word_1_235' title='bbox 833 3985 940 4048; x_wconf 80' lang='lat' dir='ltr'><strong>regno</strong></span> <span class='ocrx_word' id='word_1_236' title='bbox 967 3972 1098 4041; x_wconf 91' lang='lat' dir='ltr'><strong>nostro,</strong></span> 
     </span>
    </p>
   </div>
   <div class='ocr_carea' id='block_1_3' title="bbox 221 4189 1028 4255">
    <p class='ocr_par' dir='ltr' id='par_1_3' title="bbox 221 4189 1028 4255">
     <span class='ocr_line' id='line_1_37' title="bbox 221 4189 1028 4255; baseline -0.002 -13"><span class='ocrx_word' id='word_1_237' title='bbox 221 4191 228 4221; x_wconf 94' lang='lat'>¹</span> <span class='ocrx_word' id='word_1_238' title='bbox 246 4193 308 4242; x_wconf 82' lang='lat' dir='ltr'><strong>This</strong></span> <span class='ocrx_word' id='word_1_239' title='bbox 320 4193 390 4242; x_wconf 84' lang='lat' dir='ltr'><strong>word</strong></span> <span class='ocrx_word' id='word_1_240' title='bbox 402 4194 425 4241; x_wconf 85' lang='lat' dir='ltr'><strong>is</strong></span> <span class='ocrx_word' id='word_1_241' title='bbox 436 4193 549 4255; x_wconf 77' lang='lat' dir='ltr'><strong>wanting</strong></span> <span class='ocrx_word' id='word_1_242' title='bbox 560 4193 586 4240; x_wconf 89' lang='lat' dir='ltr'><strong>in</strong></span> <span class='ocrx_word' id='word_1_243' title='bbox 600 4193 659 4240; x_wconf 85' lang='lat' dir='ltr'><strong>Cod.</strong></span> <span class='ocrx_word' id='word_1_244' title='bbox 674 4190 748 4253; x_wconf 60' lang='lat' dir='ltr'><strong>Regu,</strong></span> <span class='ocrx_word' id='word_1_245' title='bbox 758 4190 805 4240; x_wconf 78' lang='lat' dir='ltr'><strong>Ar.</strong></span> <span class='ocrx_word' id='word_1_246' title='bbox 816 4193 874 4252; x_wconf 72' lang='lat'><strong>220,</strong></span> <span class='ocrx_word' id='word_1_247' title='bbox 885 4189 936 4238; x_wconf 85' lang='lat' dir='ltr'><strong>aud</strong></span> <span class='ocrx_word' id='word_1_248' title='bbox 948 4189 1028 4240; x_wconf 80' lang='lat' dir='ltr'><strong>Wuls.</strong></span> 
     </span>
    </p>
   </div>
   <div class='ocr_carea' id='block_1_4' title="bbox 0 0 1459 4860">
    <p class='ocr_par' dir='ltr' id='par_1_4' title="bbox 0 0 1459 4860">
     <span class='ocr_line' id='line_1_38' title="bbox 0 0 1459 4860; baseline 0 0"><span class='ocrx_word' id='word_1_249' title='bbox 0 0 1459 4860; x_wconf 95' lang='lat' dir='ltr'><strong> </strong></span> 
     </span>
    </p>
   </div>
  </div>
 </body>
</html>
