<?xml version="1.0" encoding="UTF-8"?>
<!DOCTYPE html PUBLIC "-//W3C//DTD XHTML 1.0 Transitional//EN"
    "http://www.w3.org/TR/xhtml1/DTD/xhtml1-transitional.dtd">
<html xmlns="http://www.w3.org/1999/xhtml" xml:lang="en" lang="en">
 <head>
  <title>
</title>
<meta http-equiv="Content-Type" content="text/html;charset=utf-8" />
  <meta name='ocr-system' content='tesseract 3.04.00' />
  <meta name='ocr-capabilities' content='ocr_page ocr_carea ocr_par ocr_line ocrx_word'/>
</head>
<body>
  <div class='ocr_page' id='page_1' title='image "./fnicholaitrivet01trivgoog_0159.png"; bbox 0 0 2896 4860; ppageno 0'>
   <div class='ocr_carea' id='block_1_1' title="bbox 329 362 924 444">
    <p class='ocr_par' dir='ltr' id='par_1_1' title="bbox 329 362 924 444">
     <span class='ocr_line' id='line_1_1' title="bbox 329 362 924 444; baseline -0.007 -16"><span class='ocrx_word' id='word_1_1' title='bbox 329 362 394 428; x_wconf 78' lang='lat'>128</span> <span class='ocrx_word' id='word_1_2' title='bbox 558 436 563 444; x_wconf 49' lang='lat'>,</span> <span class='ocrx_word' id='word_1_3' title='bbox 680 379 754 427; x_wconf 81' lang='lat' dir='ltr'>nic.</span> <span class='ocrx_word' id='word_1_4' title='bbox 777 378 924 426; x_wconf 80' lang='lat' dir='ltr'>&#39;rnrvruu</span> 
     </span>
    </p>
   </div>
   <div class='ocr_carea' id='block_1_2' title="bbox 166 536 1284 3932">
    <p class='ocr_par' dir='ltr' id='par_1_2' title="bbox 166 536 1282 722">
     <span class='ocr_line' id='line_1_2' title="bbox 166 536 1282 622; baseline 0 -21"><span class='ocrx_word' id='word_1_5' title='bbox 166 551 259 601; x_wconf 77' lang='lat' dir='ltr'>s¹eaor</span> <span class='ocrx_word' id='word_1_6' title='bbox 328 538 458 622; x_wconf 64' lang='lat' dir='ltr'>ignota*</span> <span class='ocrx_word' id='word_1_7' title='bbox 496 536 645 619; x_wconf 83' lang='lat' dir='ltr'>regionis</span> <span class='ocrx_word' id='word_1_8' title='bbox 687 536 935 601; x_wconf 88' lang='lat' dir='ltr'>constitutione</span> <span class='ocrx_word' id='word_1_9' title='bbox 971 554 1049 599; x_wconf 93' lang='lat' dir='ltr'>cnm</span> <span class='ocrx_word' id='word_1_10' title='bbox 1087 555 1153 601; x_wconf 88' lang='lat' dir='ltr'>sua</span> <span class='ocrx_word' id='word_1_11' title='bbox 1188 555 1282 601; x_wconf 92' lang='lat' dir='ltr'>com-</span> 
     </span>
     <span class='ocr_line' id='line_1_3' title="bbox 329 635 1283 722; baseline -0.001 -19"><span class='ocrx_word' id='word_1_12' title='bbox 329 639 490 722; x_wconf 83' lang='lat' dir='ltr'>plexione</span> <span class='ocrx_word' id='word_1_13' title='bbox 519 635 668 702; x_wconf 88' lang='lat' dir='ltr'>naturali</span> <span class='ocrx_word' id='word_1_14' title='bbox 691 637 829 701; x_wconf 90' lang='lat' dir='ltr'>minime</span> <span class='ocrx_word' id='word_1_15' title='bbox 854 636 1094 701; x_wconf 81' lang='lat' dir='ltr'>concordante.</span> <span class='ocrx_word' id='word_1_16' title='bbox 1146 636 1283 702; x_wconf 86' lang='lat' dir='ltr'>Invita·</span> 
     </span>
    </p>

    <p class='ocr_par' dir='ltr' id='par_1_3' title="bbox 213 737 1282 1020">
     <span class='ocr_line' id='line_1_4' title="bbox 213 737 1281 821; baseline -0.007 -12"><span class='ocrx_word' id='word_1_17' title='bbox 213 805 214 809; x_wconf 75' lang='grc'>,</span> <span class='ocrx_word' id='word_1_18' title='bbox 329 748 386 804; x_wconf 87' lang='lat' dir='ltr'>tus</span> <span class='ocrx_word' id='word_1_19' title='bbox 403 738 624 803; x_wconf 88' lang='lat' dir='ltr'>nihilominus</span> <span class='ocrx_word' id='word_1_20' title='bbox 645 757 707 821; x_wconf 86' lang='lat' dir='ltr'>per</span> <span class='ocrx_word' id='word_1_21' title='bbox 723 757 839 820; x_wconf 82' lang='lat' dir='ltr'>regem</span> <span class='ocrx_word' id='word_1_22' title='bbox 865 737 1020 801; x_wconf 80' lang='lat' dir='ltr'>Francius</span> <span class='ocrx_word' id='word_1_23' title='bbox 1044 737 1088 802; x_wconf 89' lang='lat' dir='ltr'>ad</span> <span class='ocrx_word' id='word_1_24' title='bbox 1110 737 1281 803; x_wconf 85' lang='lat' dir='ltr'>assultum</span> 
     </span>
     <span class='ocr_line' id='line_1_5' title="bbox 328 837 1282 921; baseline -0.002 -17"><span class='ocrx_word' id='word_1_25' title='bbox 328 839 535 916; x_wconf 82' lang='lat' dir='ltr'>iaciendum,</span> <span class='ocrx_word' id='word_1_26' title='bbox 568 858 645 903; x_wconf 90' lang='lat' dir='ltr'>cum</span> <span class='ocrx_word' id='word_1_27' title='bbox 676 858 715 902; x_wconf 90' lang='lat' dir='ltr'>se</span> <span class='ocrx_word' id='word_1_28' title='bbox 747 837 867 902; x_wconf 90' lang='lat' dir='ltr'>morbo</span> <span class='ocrx_word' id='word_1_29' title='bbox 896 846 1091 914; x_wconf 80' lang='lat' dir='ltr'>excusaret,</span> <span class='ocrx_word' id='word_1_30' title='bbox 1117 838 1192 921; x_wconf 90' lang='lat' dir='ltr'>ipse</span> <span class='ocrx_word' id='word_1_31' title='bbox 1217 857 1282 902; x_wconf 89' lang='lat' dir='ltr'>rex</span> 
     </span>
     <span class='ocr_line' id='line_1_6' title="bbox 330 930 1281 1020; baseline -0.003 -16"><span class='ocrx_word' id='word_1_32' title='bbox 330 941 486 1005; x_wconf 85' lang='lat' dir='ltr'>Franciae</span> <span class='ocrx_word' id='word_1_33' title='bbox 500 940 536 1003; x_wconf 96' lang='lat' dir='ltr'>in</span> <span class='ocrx_word' id='word_1_34' title='bbox 550 940 684 1004; x_wconf 83' lang='lat' dir='ltr'>octavis</span> <span class='ocrx_word' id='word_1_35' title='bbox 697 938 733 1003; x_wconf 88' lang='lat' dir='ltr'>S.</span> <span class='ocrx_word' id='word_1_36' title='bbox 749 938 772 1003; x_wconf 86' lang='lat' dir='ltr'><strong>J</strong></span> <span class='ocrx_word' id='word_1_37' title='bbox 775 939 898 1003; x_wconf 84' lang='lat' dir='ltr'>oannis</span> <span class='ocrx_word' id='word_1_38' title='bbox 913 930 1097 1020; x_wconf 82' lang='lat' dir='ltr'>¹Baptistae</span> <span class='ocrx_word' id='word_1_39' title='bbox 1111 957 1189 1002; x_wconf 93' lang='lat' dir='ltr'>cum</span> <span class='ocrx_word' id='word_1_40' title='bbox 1207 939 1281 1002; x_wconf 82' lang='lat' dir='ltr'>snio</span> 
     </span>
    </p>

    <p class='ocr_par' dir='ltr' id='par_1_4' title="bbox 329 1038 1281 1121">
     <span class='ocr_line' id='line_1_7' title="bbox 329 1038 1281 1121; baseline 0 -17"><span class='ocrx_word' id='word_1_41' title='bbox 329 1041 405 1104; x_wconf 89' lang='lat' dir='ltr'>urbi</span> <span class='ocrx_word' id='word_1_42' title='bbox 436 1041 529 1105; x_wconf 87' lang='lat' dir='ltr'>dedit</span> <span class='ocrx_word' id='word_1_43' title='bbox 554 1040 733 1104; x_wconf 91' lang='lat' dir='ltr'>insultum.</span> <span class='ocrx_word' id='word_1_44' title='bbox 784 1038 852 1102; x_wconf 89' lang='lat' dir='ltr'>Sed</span> <span class='ocrx_word' id='word_1_45' title='bbox 881 1057 959 1103; x_wconf 91' lang='lat' dir='ltr'>cum</span> <span class='ocrx_word' id='word_1_46' title='bbox 987 1058 1056 1103; x_wconf 95' lang='lat' dir='ltr'>non</span> <span class='ocrx_word' id='word_1_47' title='bbox 1088 1038 1281 1121; x_wconf 87' lang='lat' dir='ltr'>proficeret,</span> 
     </span>
    </p>

    <p class='ocr_par' dir='ltr' id='par_1_5' title="bbox 328 1138 1283 1324">
     <span class='ocr_line' id='line_1_8' title="bbox 328 1138 1283 1226; baseline -0.001 -22"><span class='ocrx_word' id='word_1_48' title='bbox 328 1142 413 1226; x_wconf 93' lang='lat' dir='ltr'>quin</span> <span class='ocrx_word' id='word_1_49' title='bbox 436 1142 540 1205; x_wconf 91' lang='lat' dir='ltr'>immo</span> <span class='ocrx_word' id='word_1_50' title='bbox 562 1140 741 1204; x_wconf 87' lang='lat' dir='ltr'>machinas</span> <span class='ocrx_word' id='word_1_51' title='bbox 763 1151 800 1204; x_wconf 89' lang='lat' dir='ltr'>et</span> <span class='ocrx_word' id='word_1_52' title='bbox 817 1139 887 1203; x_wconf 85' lang='lat' dir='ltr'>alia</span> <span class='ocrx_word' id='word_1_53' title='bbox 908 1139 1136 1203; x_wconf 86' lang='lat' dir='ltr'>instrumenta</span> <span class='ocrx_word' id='word_1_54' title='bbox 1157 1138 1283 1204; x_wconf 88' lang='lat' dir='ltr'>bellica</span> 
     </span>
     <span class='ocr_line' id='line_1_9' title="bbox 233 1233 1281 1324; baseline 0 -20"><span class='ocrx_word' id='word_1_55' title='bbox 233 1243 409 1324; x_wconf 73' lang='lat' dir='ltr'>migne</span> <span class='ocrx_word' id='word_1_56' title='bbox 426 1241 552 1306; x_wconf 86' lang='lat' dir='ltr'>Graeco</span> <span class='ocrx_word' id='word_1_57' title='bbox 567 1248 727 1324; x_wconf 88' lang='lat' dir='ltr'>correpta</span> <span class='ocrx_word' id='word_1_58' title='bbox 749 1238 910 1323; x_wconf 91' lang='lat' dir='ltr'>dissipari</span> <span class='ocrx_word' id='word_1_59' title='bbox 932 1259 994 1322; x_wconf 88' lang='lat' dir='ltr'>per</span> <span class='ocrx_word' id='word_1_60' title='bbox 1015 1233 1165 1304; x_wconf 86' lang='lat' dir='ltr'>²ancos</span> <span class='ocrx_word' id='word_1_61' title='bbox 1181 1240 1281 1317; x_wconf 85' lang='lat' dir='ltr'>vidit,</span> 
     </span>
    </p>

    <p class='ocr_par' dir='ltr' id='par_1_6' title="bbox 330 1339 1282 1423">
     <span class='ocr_line' id='line_1_10' title="bbox 330 1339 1282 1423; baseline -0.001 -17"><span class='ocrx_word' id='word_1_62' title='bbox 330 1362 374 1406; x_wconf 86' lang='lat' dir='ltr'>ex</span> <span class='ocrx_word' id='word_1_63' title='bbox 411 1342 515 1407; x_wconf 84' lang='lat' dir='ltr'>taedio</span> <span class='ocrx_word' id='word_1_64' title='bbox 543 1343 579 1404; x_wconf 92' lang='lat' dir='ltr'>in</span> <span class='ocrx_word' id='word_1_65' title='bbox 611 1342 812 1423; x_wconf 78' lang='lat' dir='ltr'>languorem</span> <span class='ocrx_word' id='word_1_66' title='bbox 846 1340 972 1405; x_wconf 90' lang='lat' dir='ltr'>dicitur</span> <span class='ocrx_word' id='word_1_67' title='bbox 998 1339 1176 1418; x_wconf 80' lang='lat' dir='ltr'>incidisse3</span> <span class='ocrx_word' id='word_1_68' title='bbox 1210 1340 1282 1405; x_wconf 86' lang='lat' dir='ltr'>cito</span> 
     </span>
    </p>

    <p class='ocr_par' dir='ltr' id='par_1_7' title="bbox 167 1439 1281 1726">
     <span class='ocr_line' id='line_1_11' title="bbox 167 1439 1281 1516; baseline -0.004 -9"><span class='ocrx_word' id='word_1_69' title='bbox 167 1469 177 1497; x_wconf 79' lang='grc' dir='ltr'><strong>ι</strong></span> <span class='ocrx_word' id='word_1_70' title='bbox 199 1458 235 1498; x_wconf 74' lang='lat' dir='ltr'>ri·</span> <span class='ocrx_word' id='word_1_71' title='bbox 331 1450 445 1506; x_wconf 91' lang='lat' dir='ltr'>tamen</span> <span class='ocrx_word' id='word_1_72' title='bbox 467 1442 713 1507; x_wconf 88' lang='lat' dir='ltr'>convalescens</span> <span class='ocrx_word' id='word_1_73' title='bbox 733 1442 858 1506; x_wconf 89' lang='lat' dir='ltr'>iterum</span> <span class='ocrx_word' id='word_1_74' title='bbox 874 1441 1008 1505; x_wconf 90' lang='lat' dir='ltr'>civitati</span> <span class='ocrx_word' id='word_1_75' title='bbox 1025 1441 1085 1504; x_wconf 88' lang='lat' dir='ltr'>dat</span> <span class='ocrx_word' id='word_1_76' title='bbox 1101 1439 1281 1516; x_wconf 88' lang='lat' dir='ltr'>insultum,</span> 
     </span>
     <span class='ocr_line' id='line_1_12' title="bbox 329 1540 1281 1623; baseline -0.003 -16"><span class='ocrx_word' id='word_1_77' title='bbox 329 1544 385 1607; x_wconf 93' lang='lat' dir='ltr'>cui</span> <span class='ocrx_word' id='word_1_78' title='bbox 417 1544 606 1607; x_wconf 87' lang='lat' dir='ltr'>intererant</span> <span class='ocrx_word' id='word_1_79' title='bbox 633 1541 788 1607; x_wconf 91' lang='lat' dir='ltr'>homines</span> <span class='ocrx_word' id='word_1_80' title='bbox 813 1541 905 1622; x_wconf 85' lang='lat' dir='ltr'>regis</span> <span class='ocrx_word' id='word_1_81' title='bbox 933 1540 1086 1606; x_wconf 85' lang='lat' dir='ltr'>Ricardi.</span> <span class='ocrx_word' id='word_1_82' title='bbox 1139 1540 1186 1605; x_wconf 90' lang='lat' dir='ltr'>Et</span> <span class='ocrx_word' id='word_1_83' title='bbox 1207 1541 1281 1623; x_wconf 88' lang='lat' dir='ltr'>ipse</span> 
     </span>
     <span class='ocr_line' id='line_1_13' title="bbox 330 1641 1280 1726; baseline -0.001 -21"><span class='ocrx_word' id='word_1_84' title='bbox 330 1641 481 1726; x_wconf 88' lang='lat' dir='ltr'>quidem,</span> <span class='ocrx_word' id='word_1_85' title='bbox 504 1643 585 1707; x_wconf 90' lang='lat' dir='ltr'>licet</span> <span class='ocrx_word' id='word_1_86' title='bbox 602 1643 703 1725; x_wconf 93' lang='lat' dir='ltr'>plene</span> <span class='ocrx_word' id='word_1_87' title='bbox 725 1661 794 1707; x_wconf 92' lang='lat' dir='ltr'>non</span> <span class='ocrx_word' id='word_1_88' title='bbox 811 1641 1036 1718; x_wconf 87' lang='lat' dir='ltr'>convaluerit,</span> <span class='ocrx_word' id='word_1_89' title='bbox 1052 1641 1280 1724; x_wconf 86' lang='lat' dir='ltr'>gerendorum</span> 
     </span>
    </p>

    <p class='ocr_par' dir='ltr' id='par_1_8' title="bbox 329 1734 1280 1926">
     <span class='ocr_line' id='line_1_14' title="bbox 329 1734 1280 1820; baseline -0.001 -13"><span class='ocrx_word' id='word_1_90' title='bbox 329 1752 444 1807; x_wconf 89' lang='lat' dir='ltr'>tamen</span> <span class='ocrx_word' id='word_1_91' title='bbox 470 1742 651 1820; x_wconf 78' lang='lat' dir='ltr'>sollicituS,</span> <span class='ocrx_word' id='word_1_92' title='bbox 677 1761 715 1806; x_wconf 89' lang='lat' dir='ltr'>se</span> <span class='ocrx_word' id='word_1_93' title='bbox 741 1742 824 1806; x_wconf 93' lang='lat' dir='ltr'>illuc</span> <span class='ocrx_word' id='word_1_94' title='bbox 845 1743 882 1805; x_wconf 92' lang='lat' dir='ltr'>in</span> <span class='ocrx_word' id='word_1_95' title='bbox 905 1734 1062 1806; x_wconf 85' lang='lat' dir='ltr'>³cnlcitra</span> <span class='ocrx_word' id='word_1_96' title='bbox 1089 1742 1201 1816; x_wconf 88' lang='lat' dir='ltr'>serica</span> <span class='ocrx_word' id='word_1_97' title='bbox 1223 1741 1280 1806; x_wconf 90' lang='lat' dir='ltr'>de·</span> 
     </span>
     <span class='ocr_line' id='line_1_15' title="bbox 329 1841 1280 1926; baseline 0.001 -21"><span class='ocrx_word' id='word_1_98' title='bbox 329 1842 461 1926; x_wconf 91' lang='lat' dir='ltr'>portari</span> <span class='ocrx_word' id='word_1_99' title='bbox 476 1843 579 1923; x_wconf 82' lang='lat' dir='ltr'>fecit;</span> <span class='ocrx_word' id='word_1_100' title='bbox 603 1843 795 1926; x_wconf 87' lang='lat' dir='ltr'>sedensque</span> <span class='ocrx_word' id='word_1_101' title='bbox 808 1844 928 1907; x_wconf 88' lang='lat' dir='ltr'>subter</span> <span class='ocrx_word' id='word_1_102' title='bbox 939 1842 1072 1906; x_wconf 90' lang='lat' dir='ltr'>tricleia</span> <span class='ocrx_word' id='word_1_103' title='bbox 1086 1861 1162 1920; x_wconf 84' lang='lat' dir='ltr'>sna,</span> <span class='ocrx_word' id='word_1_104' title='bbox 1179 1841 1280 1926; x_wconf 91' lang='lat' dir='ltr'>cujus</span> 
     </span>
    </p>

    <p class='ocr_par' dir='ltr' id='par_1_9' title="bbox 329 1941 1281 2026">
     <span class='ocr_line' id='line_1_16' title="bbox 329 1941 1281 2026; baseline 0 -19"><span class='ocrx_word' id='word_1_105' title='bbox 329 1950 405 2007; x_wconf 87' lang='lat' dir='ltr'>erat</span> <span class='ocrx_word' id='word_1_106' title='bbox 421 1944 552 2026; x_wconf 88' lang='lat' dir='ltr'>peritus</span> <span class='ocrx_word' id='word_1_107' title='bbox 568 1944 729 2008; x_wconf 89' lang='lat' dir='ltr'>utebatur</span> <span class='ocrx_word' id='word_1_108' title='bbox 751 1943 889 2020; x_wconf 90' lang='lat' dir='ltr'>balista,</span> <span class='ocrx_word' id='word_1_109' title='bbox 915 1942 1015 2026; x_wconf 92' lang='lat' dir='ltr'>cnjus</span> <span class='ocrx_word' id='word_1_110' title='bbox 1033 1941 1154 2024; x_wconf 87' lang='lat' dir='ltr'>jaculo</span> <span class='ocrx_word' id='word_1_111' title='bbox 1177 1943 1281 2007; x_wconf 90' lang='lat' dir='ltr'>Sara·</span> 
     </span>
    </p>

    <p class='ocr_par' dir='ltr' id='par_1_10' title="bbox 330 2042 1281 2228">
     <span class='ocr_line' id='line_1_17' title="bbox 330 2042 1280 2127; baseline -0.001 -19"><span class='ocrx_word' id='word_1_112' title='bbox 330 2044 405 2108; x_wconf 90' lang='lat' dir='ltr'>ceni</span> <span class='ocrx_word' id='word_1_113' title='bbox 438 2043 629 2127; x_wconf 88' lang='lat' dir='ltr'>cujusdam,</span> <span class='ocrx_word' id='word_1_114' title='bbox 662 2045 722 2127; x_wconf 94' lang='lat' dir='ltr'>qui</span> <span class='ocrx_word' id='word_1_115' title='bbox 752 2044 788 2107; x_wconf 90' lang='lat' dir='ltr'>in</span> <span class='ocrx_word' id='word_1_116' title='bbox 817 2043 922 2107; x_wconf 90' lang='lat' dir='ltr'>armls</span> <span class='ocrx_word' id='word_1_117' title='bbox 946 2043 1064 2107; x_wconf 90' lang='lat' dir='ltr'>militis</span> <span class='ocrx_word' id='word_1_118' title='bbox 1092 2042 1280 2107; x_wconf 85' lang='lat' dir='ltr'>Christiani</span> 
     </span>
     <span class='ocr_line' id='line_1_18' title="bbox 330 2143 1281 2228; baseline 0.003 -22"><span class='ocrx_word' id='word_1_119' title='bbox 330 2163 439 2228; x_wconf 89' lang='lat' dir='ltr'>nuper</span> <span class='ocrx_word' id='word_1_120' title='bbox 468 2145 574 2209; x_wconf 91' lang='lat' dir='ltr'>occisi</span> <span class='ocrx_word' id='word_1_121' title='bbox 606 2143 867 2227; x_wconf 87' lang='lat' dir='ltr'>gloriabundus,</span> <span class='ocrx_word' id='word_1_122' title='bbox 893 2143 929 2205; x_wconf 91' lang='lat' dir='ltr'>in</span> <span class='ocrx_word' id='word_1_123' title='bbox 958 2143 1173 2208; x_wconf 87' lang='lat' dir='ltr'>eminentiori</span> <span class='ocrx_word' id='word_1_124' title='bbox 1203 2144 1281 2209; x_wconf 89' lang='lat' dir='ltr'>loco</span> 
     </span>
    </p>

    <p class='ocr_par' dir='ltr' id='par_1_11' title="bbox 329 2243 1281 2528">
     <span class='ocr_line' id='line_1_19' title="bbox 330 2243 1281 2322; baseline 0.001 -15"><span class='ocrx_word' id='word_1_125' title='bbox 330 2245 418 2308; x_wconf 91' lang='lat' dir='ltr'>muri</span> <span class='ocrx_word' id='word_1_126' title='bbox 451 2244 494 2308; x_wconf 87' lang='lat' dir='ltr'>ad</span> <span class='ocrx_word' id='word_1_127' title='bbox 520 2245 685 2309; x_wconf 88' lang='lat' dir='ltr'>invidiam</span> <span class='ocrx_word' id='word_1_128' title='bbox 709 2243 981 2309; x_wconf 85' lang='lat' dir='ltr'>Christianorum</span> <span class='ocrx_word' id='word_1_129' title='bbox 1007 2263 1045 2307; x_wconf 91' lang='lat' dir='ltr'>se</span> <span class='ocrx_word' id='word_1_130' title='bbox 1070 2244 1281 2322; x_wconf 87' lang='lat' dir='ltr'>ostenderat,</span> 
     </span>
     <span class='ocr_line' id='line_1_20' title="bbox 329 2343 1281 2428; baseline 0 -20"><span class='ocrx_word' id='word_1_131' title='bbox 329 2345 480 2427; x_wconf 90' lang='lat' dir='ltr'>pectoris</span> <span class='ocrx_word' id='word_1_132' title='bbox 496 2345 612 2428; x_wconf 93' lang='lat' dir='ltr'>ampla</span> <span class='ocrx_word' id='word_1_133' title='bbox 628 2345 815 2409; x_wconf 86' lang='lat' dir='ltr'>transfixit.</span> <span class='ocrx_word' id='word_1_134' title='bbox 849 2343 1004 2427; x_wconf 90' lang='lat' dir='ltr'>Cumque</span> <span class='ocrx_word' id='word_1_135' title='bbox 1018 2353 1130 2408; x_wconf 88' lang='lat' dir='ltr'>turres</span> <span class='ocrx_word' id='word_1_136' title='bbox 1145 2352 1181 2409; x_wconf 91' lang='lat' dir='ltr'>et</span> <span class='ocrx_word' id='word_1_137' title='bbox 1192 2344 1281 2408; x_wconf 89' lang='lat' dir='ltr'>muri</span> 
     </span>
     <span class='ocr_line' id='line_1_21' title="bbox 330 2444 1281 2528; baseline 0.002 -20"><span class='ocrx_word' id='word_1_138' title='bbox 330 2445 482 2509; x_wconf 88' lang='lat' dir='ltr'>civitatis</span> <span class='ocrx_word' id='word_1_139' title='bbox 504 2465 549 2510; x_wconf 83' lang='lat' dir='ltr'>ex</span> <span class='ocrx_word' id='word_1_140' title='bbox 569 2465 639 2509; x_wconf 93' lang='lat' dir='ltr'>nna</span> <span class='ocrx_word' id='word_1_141' title='bbox 662 2453 761 2528; x_wconf 88' lang='lat' dir='ltr'>parte</span> <span class='ocrx_word' id='word_1_142' title='bbox 785 2465 846 2527; x_wconf 87' lang='lat' dir='ltr'>per</span> <span class='ocrx_word' id='word_1_143' title='bbox 865 2444 1041 2509; x_wconf 86' lang='lat' dir='ltr'>machinas</span> <span class='ocrx_word' id='word_1_144' title='bbox 1061 2445 1153 2527; x_wconf 79' lang='lat' dir='ltr'>regis</span> <span class='ocrx_word' id='word_1_145' title='bbox 1171 2445 1281 2510; x_wconf 85' lang='lat' dir='ltr'>Fran·</span> 
     </span>
    </p>

    <p class='ocr_par' dir='ltr' id='par_1_12' title="bbox 330 2544 1281 2629">
     <span class='ocr_line' id='line_1_22' title="bbox 330 2544 1281 2629; baseline 0.001 -22"><span class='ocrx_word' id='word_1_146' title='bbox 330 2545 405 2623; x_wconf 81' lang='lat' dir='ltr'>ciae,</span> <span class='ocrx_word' id='word_1_147' title='bbox 423 2553 519 2610; x_wconf 83' lang='lat' dir='ltr'>etex</span> <span class='ocrx_word' id='word_1_148' title='bbox 538 2546 608 2610; x_wconf 82' lang='lat' dir='ltr'>alia</span> <span class='ocrx_word' id='word_1_149' title='bbox 629 2553 728 2629; x_wconf 92' lang='lat' dir='ltr'>parte</span> <span class='ocrx_word' id='word_1_150' title='bbox 749 2564 811 2629; x_wconf 90' lang='lat' dir='ltr'>per</span> <span class='ocrx_word' id='word_1_151' title='bbox 832 2545 1009 2609; x_wconf 88' lang='lat' dir='ltr'>machinas</span> <span class='ocrx_word' id='word_1_152' title='bbox 1029 2545 1120 2626; x_wconf 77' lang='lat' dir='ltr'>regis</span> <span class='ocrx_word' id='word_1_153' title='bbox 1140 2544 1281 2628; x_wconf 80' lang='lat' dir='ltr'>Angliae</span> 
     </span>
    </p>

    <p class='ocr_par' dir='ltr' id='par_1_13' title="bbox 283 2644 1283 2733">
     <span class='ocr_line' id='line_1_23' title="bbox 283 2644 1283 2733; baseline 0.003 -26"><span class='ocrx_word' id='word_1_154' title='bbox 283 2671 306 2733; x_wconf 61' lang='lat' dir='ltr'>pr</span> <span class='ocrx_word' id='word_1_155' title='bbox 329 2644 588 2711; x_wconf 89' lang='lat' dir='ltr'>diruerentnret</span> <span class='ocrx_word' id='word_1_156' title='bbox 599 2653 922 2729; x_wconf 87' lang='lat' dir='ltr'>conquassarentur,</span> <span class='ocrx_word' id='word_1_157' title='bbox 938 2644 1099 2709; x_wconf 86' lang='lat' dir='ltr'>Saraceni</span> <span class='ocrx_word' id='word_1_158' title='bbox 1113 2645 1173 2727; x_wconf 94' lang='lat' dir='ltr'>qui</span> <span class='ocrx_word' id='word_1_159' title='bbox 1189 2647 1283 2710; x_wconf 84' lang='lat' dir='ltr'>intus</span> 
     </span>
    </p>

    <p class='ocr_par' dir='ltr' id='par_1_14' title="bbox 256 2721 1283 3030">
     <span class='ocr_line' id='line_1_24' title="bbox 256 2721 1280 2828; baseline 0.003 -21"><span class='ocrx_word' id='word_1_160' title='bbox 256 2721 290 2757; x_wconf 66' lang='lat'>‘¹&#39;</span> <span class='ocrx_word' id='word_1_161' title='bbox 329 2754 439 2823; x_wconf 85' lang='lat' dir='ltr'>erant,</span> <span class='ocrx_word' id='word_1_162' title='bbox 454 2747 568 2810; x_wconf 89' lang='lat' dir='ltr'>missis</span> <span class='ocrx_word' id='word_1_163' title='bbox 587 2747 631 2810; x_wconf 91' lang='lat' dir='ltr'>ad</span> <span class='ocrx_word' id='word_1_164' title='bbox 648 2765 746 2827; x_wconf 79' lang='lat' dir='ltr'>reges</span> <span class='ocrx_word' id='word_1_165' title='bbox 761 2743 897 2828; x_wconf 82' lang='lat' dir='ltr'>legatis,</span> <span class='ocrx_word' id='word_1_166' title='bbox 914 2745 1086 2827; x_wconf 88' lang='lat' dir='ltr'>petierunt</span> <span class='ocrx_word' id='word_1_167' title='bbox 1101 2745 1257 2811; x_wconf 90' lang='lat' dir='ltr'>inducias</span> <span class='ocrx_word' id='word_1_168' title='bbox 1270 2765 1280 2824; x_wconf 83' lang='lat'><em>3</em></span> 
     </span>
     <span class='ocr_line' id='line_1_25' title="bbox 328 2839 1283 2930; baseline 0.004 -22"><span class='ocrx_word' id='word_1_169' title='bbox 328 2846 537 2928; x_wconf 86' lang='lat' dir='ltr'>spondentes</span> <span class='ocrx_word' id='word_1_170' title='bbox 552 2847 643 2930; x_wconf 93' lang='lat' dir='ltr'>quod</span> <span class='ocrx_word' id='word_1_171' title='bbox 659 2847 724 2910; x_wconf 91' lang='lat' dir='ltr'>nisi</span> <span class='ocrx_word' id='word_1_172' title='bbox 737 2846 920 2910; x_wconf 88' lang='lat' dir='ltr'>Saladinus</span> <span class='ocrx_word' id='word_1_173' title='bbox 932 2839 1016 2909; x_wconf 85' lang='lat' dir='ltr'>⁴eito</span> <span class='ocrx_word' id='word_1_174' title='bbox 1028 2846 1078 2909; x_wconf 90' lang='lat' dir='ltr'>eis</span> <span class='ocrx_word' id='word_1_175' title='bbox 1093 2845 1283 2912; x_wconf 87' lang='lat' dir='ltr'>destinaret</span> 
     </span>
     <span class='ocr_line' id='line_1_26' title="bbox 329 2945 1281 3030; baseline 0.003 -21"><span class='ocrx_word' id='word_1_176' title='bbox 329 2945 551 3030; x_wconf 90' lang='lat' dir='ltr'>adjutorium,</span> <span class='ocrx_word' id='word_1_177' title='bbox 580 2947 754 3011; x_wconf 88' lang='lat' dir='ltr'>civitatem</span> <span class='ocrx_word' id='word_1_178' title='bbox 784 2946 977 3021; x_wconf 88' lang='lat' dir='ltr'>redderent,</span> <span class='ocrx_word' id='word_1_179' title='bbox 1004 2965 1047 3009; x_wconf 89' lang='lat' dir='ltr'>ea</span> <span class='ocrx_word' id='word_1_180' title='bbox 1074 2946 1281 3024; x_wconf 89' lang='lat' dir='ltr'>conditione,</span> 
     </span>
    </p>

    <p class='ocr_par' dir='ltr' id='par_1_15' title="bbox 329 3045 1284 3112">
     <span class='ocr_line' id='line_1_27' title="bbox 329 3045 1284 3112; baseline 0.003 -3"><span class='ocrx_word' id='word_1_181' title='bbox 329 3053 368 3109; x_wconf 91' lang='lat' dir='ltr'>ut</span> <span class='ocrx_word' id='word_1_182' title='bbox 391 3047 522 3111; x_wconf 89' lang='lat' dir='ltr'>obsessi</span> <span class='ocrx_word' id='word_1_183' title='bbox 550 3046 655 3111; x_wconf 88' lang='lat' dir='ltr'>libere</span> <span class='ocrx_word' id='word_1_184' title='bbox 679 3048 814 3112; x_wconf 89' lang='lat' dir='ltr'>abirent</span> <span class='ocrx_word' id='word_1_185' title='bbox 833 3066 910 3110; x_wconf 91' lang='lat' dir='ltr'>cum</span> <span class='ocrx_word' id='word_1_186' title='bbox 938 3045 1043 3109; x_wconf 90' lang='lat' dir='ltr'>armis</span> <span class='ocrx_word' id='word_1_187' title='bbox 1064 3053 1100 3110; x_wconf 89' lang='lat' dir='ltr'>et</span> <span class='ocrx_word' id='word_1_188' title='bbox 1124 3047 1284 3112; x_wconf 86' lang='lat' dir='ltr'>omnibns</span> 
     </span>
    </p>

    <p class='ocr_par' dir='ltr' id='par_1_16' title="bbox 167 3146 1282 3634">
     <span class='ocr_line' id='line_1_28' title="bbox 167 3146 1282 3262; baseline 0.005 -53.093"><span class='ocrx_word' id='word_1_189' title='bbox 167 3160 260 3250; x_wconf 41' lang='grc' dir='ltr'>ίιιῐιιιιειι</span> <span class='ocrx_word' id='word_1_190' title='bbox 236 3161 296 3262; x_wconf 54' lang='lat'>23¹⁰</span> <span class='ocrx_word' id='word_1_191' title='bbox 297 3173 311 3212; x_wconf 80' lang='lat' dir='ltr'>s</span> <span class='ocrx_word' id='word_1_192' title='bbox 329 3165 408 3229; x_wconf 82' lang='lat' dir='ltr'>qnae</span> <span class='ocrx_word' id='word_1_193' title='bbox 425 3154 523 3210; x_wconf 88' lang='lat' dir='ltr'>erant</span> <span class='ocrx_word' id='word_1_194' title='bbox 540 3167 669 3212; x_wconf 90' lang='lat' dir='ltr'>eorum.</span> <span class='ocrx_word' id='word_1_195' title='bbox 722 3147 789 3211; x_wconf 90' lang='lat' dir='ltr'>Sed</span> <span class='ocrx_word' id='word_1_196' title='bbox 811 3167 855 3211; x_wconf 91' lang='lat' dir='ltr'>ne</span> <span class='ocrx_word' id='word_1_197' title='bbox 876 3146 955 3210; x_wconf 89' lang='lat' dir='ltr'>huic</span> <span class='ocrx_word' id='word_1_198' title='bbox 982 3147 1140 3229; x_wconf 90' lang='lat' dir='ltr'>petitioni</span> <span class='ocrx_word' id='word_1_199' title='bbox 1163 3167 1282 3213; x_wconf 86' lang='lat' dir='ltr'>assen-</span> 
     </span>
     <span class='ocr_line' id='line_1_29' title="bbox 168 3223 1282 3326; baseline 0.003 -16"><span class='ocrx_word' id='word_1_200' title='bbox 168 3262 204 3301; x_wconf 76' lang='grc' dir='ltr'>ιιι</span> <span class='ocrx_word' id='word_1_201' title='bbox 192 3272 261 3301; x_wconf 69' lang='lat' dir='ltr'>eroon-</span> <span class='ocrx_word' id='word_1_202' title='bbox 278 3223 464 3324; x_wconf 80' lang='lat' dir='ltr'>⁸tiretur,</span> <span class='ocrx_word' id='word_1_203' title='bbox 474 3248 608 3312; x_wconf 89' lang='lat' dir='ltr'>obstitit</span> <span class='ocrx_word' id='word_1_204' title='bbox 622 3268 684 3312; x_wconf 85' lang='lat' dir='ltr'>rex</span> <span class='ocrx_word' id='word_1_205' title='bbox 700 3247 892 3326; x_wconf 89' lang='lat' dir='ltr'>Ricardus;</span> <span class='ocrx_word' id='word_1_206' title='bbox 916 3265 1074 3311; x_wconf 86' lang='lat' dir='ltr'>asserens</span> <span class='ocrx_word' id='word_1_207' title='bbox 1090 3266 1166 3311; x_wconf 85' lang='lat' dir='ltr'>esse</span> <span class='ocrx_word' id='word_1_208' title='bbox 1180 3250 1282 3313; x_wconf 88' lang='lat' dir='ltr'>nimis</span> 
     </span>
     <span class='ocr_line' id='line_1_30' title="bbox 329 3348 1280 3431; baseline 0.002 -21"><span class='ocrx_word' id='word_1_209' title='bbox 329 3365 437 3429; x_wconf 80' lang='lat' dir='ltr'>grave</span> <span class='ocrx_word' id='word_1_210' title='bbox 452 3355 532 3430; x_wconf 90' lang='lat' dir='ltr'>post</span> <span class='ocrx_word' id='word_1_211' title='bbox 548 3349 636 3412; x_wconf 91' lang='lat' dir='ltr'>tanti</span> <span class='ocrx_word' id='word_1_212' title='bbox 660 3348 824 3431; x_wconf 88' lang='lat' dir='ltr'>temporis</span> <span class='ocrx_word' id='word_1_213' title='bbox 845 3348 1054 3412; x_wconf 90' lang='lat' dir='ltr'>laboriosam</span> <span class='ocrx_word' id='word_1_214' title='bbox 1068 3348 1280 3414; x_wconf 89' lang='lat' dir='ltr'>obsidionem</span> 
     </span>
     <span class='ocr_line' id='line_1_31' title="bbox 328 3447 1282 3531; baseline 0.005 -22"><span class='ocrx_word' id='word_1_215' title='bbox 328 3448 459 3511; x_wconf 87' lang='lat' dir='ltr'>intrare</span> <span class='ocrx_word' id='word_1_216' title='bbox 473 3466 617 3512; x_wconf 91' lang='lat' dir='ltr'>vacuam</span> <span class='ocrx_word' id='word_1_217' title='bbox 635 3448 823 3512; x_wconf 90' lang='lat' dir='ltr'>civitatem.</span> <span class='ocrx_word' id='word_1_218' title='bbox 876 3447 1039 3529; x_wconf 83' lang='lat' dir='ltr'>Regressi</span> <span class='ocrx_word' id='word_1_219' title='bbox 1062 3448 1181 3531; x_wconf 83' lang='lat' dir='ltr'>igitur,</span> <span class='ocrx_word' id='word_1_220' title='bbox 1199 3469 1282 3514; x_wconf 91' lang='lat' dir='ltr'>con·</span> 
     </span>
     <span class='ocr_line' id='line_1_32' title="bbox 329 3547 1282 3634; baseline 0.002 -23"><span class='ocrx_word' id='word_1_221' title='bbox 329 3547 490 3630; x_wconf 86' lang='lat' dir='ltr'>sultoque</span> <span class='ocrx_word' id='word_1_222' title='bbox 505 3568 567 3631; x_wconf 91' lang='lat' dir='ltr'>per</span> <span class='ocrx_word' id='word_1_223' title='bbox 582 3549 813 3612; x_wconf 90' lang='lat' dir='ltr'>internuntios</span> <span class='ocrx_word' id='word_1_224' title='bbox 830 3547 995 3612; x_wconf 86' lang='lat' dir='ltr'>Saladino</span> <span class='ocrx_word' id='word_1_225' title='bbox 1010 3547 1088 3634; x_wconf 91' lang='lat' dir='ltr'>(qui</span> <span class='ocrx_word' id='word_1_226' title='bbox 1103 3550 1282 3613; x_wconf 88' lang='lat' dir='ltr'>remanda-</span> 
     </span>
    </p>

    <p class='ocr_par' dir='ltr' id='par_1_17' title="bbox 330 3645 1281 3732">
     <span class='ocr_line' id='line_1_33' title="bbox 330 3645 1281 3732; baseline 0.003 -21"><span class='ocrx_word' id='word_1_227' title='bbox 330 3648 381 3712; x_wconf 89' lang='lat' dir='ltr'>vit</span> <span class='ocrx_word' id='word_1_228' title='bbox 394 3656 434 3712; x_wconf 94' lang='lat' dir='ltr'>ut</span> <span class='ocrx_word' id='word_1_229' title='bbox 447 3668 567 3730; x_wconf 91' lang='lat' dir='ltr'>pacem</span> <span class='ocrx_word' id='word_1_230' title='bbox 581 3649 734 3713; x_wconf 85' lang='lat' dir='ltr'>facerent</span> <span class='ocrx_word' id='word_1_231' title='bbox 753 3668 855 3732; x_wconf 94' lang='lat' dir='ltr'>quam</span> <span class='ocrx_word' id='word_1_232' title='bbox 876 3645 1047 3732; x_wconf 89' lang='lat' dir='ltr'>possent),</span> <span class='ocrx_word' id='word_1_233' title='bbox 1065 3649 1190 3713; x_wconf 91' lang='lat' dir='ltr'>iterum</span> <span class='ocrx_word' id='word_1_234' title='bbox 1212 3651 1281 3715; x_wconf 89' lang='lat' dir='ltr'>die·</span> 
     </span>
    </p>

    <p class='ocr_par' dir='ltr' id='par_1_18' title="bbox 331 3748 1281 3832">
     <span class='ocr_line' id='line_1_34' title="bbox 331 3748 1281 3832; baseline 0.005 -21"><span class='ocrx_word' id='word_1_235' title='bbox 331 3748 394 3812; x_wconf 90' lang='lat' dir='ltr'>bus</span> <span class='ocrx_word' id='word_1_236' title='bbox 411 3748 582 3831; x_wconf 86' lang='lat' dir='ltr'>aliquibus</span> <span class='ocrx_word' id='word_1_237' title='bbox 606 3749 733 3832; x_wconf 91' lang='lat' dir='ltr'>elapsis</span> <span class='ocrx_word' id='word_1_238' title='bbox 756 3749 894 3830; x_wconf 84' lang='lat' dir='ltr'>regibus</span> <span class='ocrx_word' id='word_1_239' title='bbox 913 3749 1124 3826; x_wconf 88' lang='lat' dir='ltr'>obtulerunt,</span> <span class='ocrx_word' id='word_1_240' title='bbox 1140 3758 1179 3814; x_wconf 93' lang='lat' dir='ltr'>ut</span> <span class='ocrx_word' id='word_1_241' title='bbox 1197 3750 1281 3816; x_wconf 90' lang='lat' dir='ltr'>civi·</span> 
     </span>
    </p>

    <p class='ocr_par' dir='ltr' id='par_1_19' title="bbox 329 3847 1283 3932">
     <span class='ocr_line' id='line_1_35' title="bbox 329 3847 1283 3932; baseline 0.004 -20"><span class='ocrx_word' id='word_1_242' title='bbox 329 3857 435 3913; x_wconf 87' lang='lat' dir='ltr'>tatem</span> <span class='ocrx_word' id='word_1_243' title='bbox 458 3849 568 3931; x_wconf 91' lang='lat' dir='ltr'>ipsam</span> <span class='ocrx_word' id='word_1_244' title='bbox 592 3849 785 3926; x_wconf 90' lang='lat' dir='ltr'>redderent,</span> <span class='ocrx_word' id='word_1_245' title='bbox 808 3856 843 3912; x_wconf 88' lang='lat' dir='ltr'>et</span> <span class='ocrx_word' id='word_1_246' title='bbox 858 3867 992 3912; x_wconf 90' lang='lat' dir='ltr'>crucem</span> <span class='ocrx_word' id='word_1_247' title='bbox 1016 3847 1153 3932; x_wconf 90' lang='lat' dir='ltr'>duoque</span> <span class='ocrx_word' id='word_1_248' title='bbox 1174 3851 1283 3916; x_wconf 91' lang='lat' dir='ltr'>millia</span> 
     </span>
    </p>
   </div>
   <div class='ocr_carea' id='block_1_3' title="bbox 327 4045 1171 4255">
    <p class='ocr_par' dir='ltr' id='par_1_20' title="bbox 327 4045 1171 4255">
     <span class='ocr_line' id='line_1_36' title="bbox 365 4045 1097 4113; baseline 0.001 -14"><span class='ocrx_word' id='word_1_249' title='bbox 365 4048 371 4079; x_wconf 91' lang='lat'>¹</span> <span class='ocrx_word' id='word_1_250' title='bbox 391 4047 546 4112; x_wconf 87' lang='lat' dir='ltr'>‘Baptistae’</span> <span class='ocrx_word' id='word_1_251' title='bbox 559 4052 581 4099; x_wconf 86' lang='lat' dir='ltr'>is</span> <span class='ocrx_word' id='word_1_252' title='bbox 592 4050 654 4100; x_wconf 83' lang='lat' dir='ltr'>irorn</span> <span class='ocrx_word' id='word_1_253' title='bbox 668 4053 774 4101; x_wconf 69' lang='lat' dir='ltr'>cmm.</span> <span class='ocrx_word' id='word_1_254' title='bbox 854 4048 865 4081; x_wconf 80' lang='lat'>⁸</span> <span class='ocrx_word' id='word_1_255' title='bbox 881 4046 1016 4113; x_wconf 84' lang='lat' dir='ltr'>‘culcila;&#39;</span> <span class='ocrx_word' id='word_1_256' title='bbox 1029 4045 1097 4101; x_wconf 80' lang='lat' dir='ltr'><strong><em>D&#39;A.</em></strong></span> 
     </span>
     <span class='ocr_line' id='line_1_37' title="bbox 363 4117 1171 4181; baseline 0.01 -11"><span class='ocrx_word' id='word_1_257' title='bbox 363 4117 529 4181; x_wconf 68' lang='lat' dir='ltr'>³‘Turcos3&#39;</span> <span class='ocrx_word' id='word_1_258' title='bbox 563 4117 646 4172; x_wconf 86' lang='lat' dir='ltr'>llall&#39;s</span> <span class='ocrx_word' id='word_1_259' title='bbox 676 4123 793 4172; x_wconf 83' lang='lat' dir='ltr'>emenda·</span> <span class='ocrx_word' id='word_1_260' title='bbox 1168 4172 1171 4178; x_wconf 91' lang='lat'><em>.</em></span> 
     </span>
     <span class='ocr_line' id='line_1_38' title="bbox 327 4187 1152 4255; baseline 0.005 -16"><span class='ocrx_word' id='word_1_261' title='bbox 327 4194 394 4241; x_wconf 86' lang='lat' dir='ltr'>tion:</span> <span class='ocrx_word' id='word_1_262' title='bbox 414 4194 512 4241; x_wconf 86' lang='lat' dir='ltr'>‘turres</span> <span class='ocrx_word' id='word_1_263' title='bbox 522 4190 538 4252; x_wconf 87' lang='lat'>;‘</span> <span class='ocrx_word' id='word_1_264' title='bbox 553 4195 612 4243; x_wconf 83' lang='lat' dir='ltr'>Cnd.</span> <span class='ocrx_word' id='word_1_265' title='bbox 623 4193 686 4255; x_wconf 75' lang='lat' dir='ltr'>Reg.</span> <span class='ocrx_word' id='word_1_266' title='bbox 854 4190 865 4220; x_wconf 88' lang='lat'>⁴</span> <span class='ocrx_word' id='word_1_267' title='bbox 880 4193 976 4242; x_wconf 87' lang='lat' dir='ltr'>‘citum</span> <span class='ocrx_word' id='word_1_268' title='bbox 985 4187 1001 4253; x_wconf 72' lang='grc' dir='ltr'>ς’</span> <span class='ocrx_word' id='word_1_269' title='bbox 1019 4193 1058 4242; x_wconf 86' lang='grc' dir='ltr'>Μ.</span> <span class='ocrx_word' id='word_1_270' title='bbox 1069 4199 1093 4242; x_wconf 82' lang='lat' dir='ltr'>et</span> <span class='ocrx_word' id='word_1_271' title='bbox 1104 4193 1152 4244; x_wconf 79' lang='lat' dir='ltr'>Ar.</span> 
     </span>
    </p>
   </div>
   <div class='ocr_carea' id='block_1_4' title="bbox 0 0 1452 4860">
    <p class='ocr_par' dir='ltr' id='par_1_21' title="bbox 0 0 1452 4860">
     <span class='ocr_line' id='line_1_39' title="bbox 0 0 1452 4860; baseline 0 0"><span class='ocrx_word' id='word_1_272' title='bbox 0 0 1452 4860; x_wconf 95' lang='lat' dir='ltr'> </span> 
     </span>
    </p>
   </div>
  </div>
 </body>
</html>
