2896 4860
357 380 424 446 366
714 395 786 445 ruo.
810 394 959 443 curvari

198 572 348 672 {liliisne
360 555 407 620 Et
432 574 523 632 ecce,
539 560 724 636 antequam
746 553 910 617 transiret
934 553 1109 617 exercitus
1131 551 1310 630 medietas,

199 673 327 763 ‘gwlffi
359 654 559 738 supervenit
583 653 766 718 Scotorum
791 653 987 729 multitudo,
1015 660 1148 717 etcum
1171 652 1225 717 his
1248 654 1309 736 qui

200 726 311 824 hlhhflf
329 735 429 840 ejam
459 755 682 831 transierant,
713 747 927 837 ¹congressa,
963 772 1062 836 paeue
1101 772 1220 818 omnes
1249 754 1310 837 qui

359 856 570 920 transierant
581 863 808 937 peremerunt.
856 854 954 918 Inter
971 872 1102 936 paucos
1117 855 1176 936 qui
1190 873 1311 919 evase·

359 963 441 1020 runt
456 955 522 1020 suit
537 948 801 1019 ²Marmeducus
817 955 859 1018 de
873 954 1030 1036 Tuenge,
1051 954 1110 1036 qui
1127 955 1164 1017 in
1181 973 1309 1036 magua

360 1056 489 1121 virtute
506 1054 656 1120 obtinuit
673 1063 825 1137 pontem,
843 1061 882 1118 ut
899 1054 1017 1118 salvus
1033 1053 1169 1120 rediret.
1206 1047 1309 1118 ³Cus-

361 1163 416 1220 tos
448 1155 573 1237 Scotiae
599 1174 709 1237 usque
733 1153 945 1219 Berewicum
969 1154 1116 1236 fugiens,
1138 1154 1243 1219 castri
1265 1155 1309 1219 do

361 1255 525 1321 Strivelin
548 1255 718 1319 commisit
739 1253 930 1319 custodiam
949 1254 1186 1320 Marmeduco.
1250 1254 1309 1320 Ss-

361 1356 532 1420 uescallus
549 1355 675 1419 Scotise
697 1363 733 1419 et
754 1374 868 1420 comes
891 1355 934 1419 de
957 1354 1134 1433 Lewenes,
1154 1355 1309 1420 videntes

361 1455 529 1538 Anglicos
569 1455 750 1532 corruisse,
790 1454 1051 1537 transfugerunt
1093 1455 1137 1518 ad
1175 1455 1307 1520 Scotos.

363 1556 497 1621 Cecidit
524 1555 560 1618 in
591 1554 655 1618 hoc
686 1554 804 1637 praelio
836 1553 945 1637 Hugo
973 1555 1016 1619 de
1052 1547 1309 1638 ‘Cresingham

363 1656 599 1721 thesaurarius
621 1655 759 1732 Scotiae,
784 1674 884 1736 quem
907 1654 1002 1719 Scoti
1025 1655 1069 1719 ob
1091 1655 1206 1719 odium
1234 1677 1310 1740 spe

363 1757 450 1820 ciale
480 1755 708 1831 excoriantes,
738 1755 861 1836 pellem
885 1755 960 1839 ejus
987 1756 1022 1818 in
1048 1756 1235 1837 particulas
1257 1757 1310 1820 di·

363 1855 530 1919 viserunt.
592 1853 719 1919 Custos
738 1853 866 1919 Scotiae
893 1854 937 1918 de
959 1855 1137 1919 Berewico
1161 1854 1252 1939 sugit
1274 1857 1309 1920 in

362 1954 538 2038 Angliam,
565 1955 682 2020 adiens
703 1953 811 2018 filium
835 1955 947 2036 regis3
974 1954 1206 2039 fugeruntque
1231 1966 1312 2040 post

362 2075 440 2120 eum
469 2063 504 2120 et
534 2056 638 2119 ceteri
664 2053 817 2137 Anglici,
845 2056 965 2137 quiin
994 2056 1171 2121 Berewico
1197 2066 1309 2134 erant,
1350 2087 1352 2091 ¹

362 2157 480 2221 villam
506 2155 620 2219 Scotis
652 2174 797 2219 vacuam
825 2154 1069 2237 relinquentes.
1140 2154 1311 2222 Custodes

362 2263 478 2321 tamen
511 2256 618 2320 castri
655 2255 741 2319 illud
780 2262 937 2319 tenentes
970 2255 1116 2320 viriliter
1152 2256 1309 2321 desende-

361 2366 454 2421 runt.

203 2464 330 2504 Prhussd·
414 2457 506 2521 Dum
539 2455 612 2520 haec
642 2461 828 2535 agerentur
864 2473 886 2519 a
921 2454 1047 2532 ScotiS,
1080 2474 1219 2520 suasum
1258 2465 1312 2521 est

202 2516 336 2616 mirrhe
363 2557 435 2621 filio
461 2555 551 2638 regis
574 2575 596 2619 a
618 2553 764 2619 concilio
786 2573 863 2631 suo,
885 2563 925 2619 ut
947 2556 1089 2619 comites
1114 2555 1311 2621 Herfordise

202 2616 285 2706 ffi-
364 2665 399 2722 et
420 2655 620 2721 Marescalli
639 2662 789 2730 vocaret,
812 2662 847 2719 et
868 2655 898 2718 si
916 2674 985 2737 quo
1006 2656 1108 2719 modo
1127 2665 1245 2739 posset
1266 2656 1311 2720 ad

364 2776 485 2840 pacem
518 2756 683 2820 alliceret.
736 2752 806 2832 Qui
835 2774 912 2818 cum
941 2756 1056 2819 vocati
1082 2757 1250 2833 venirent,
1274 2758 1310 2820 in

365 2858 509 2922 sormam
532 2857 627 2940 pacis
652 2855 879 2938 subscriptam
900 2854 1093 2933 voluerunt,
1116 2864 1151 2921 et
1174 2857 1208 2919 in
1234 2857 1312 2921 nul·

366 2958 434 3022 lam
449 2957 564 3032 aliam,
578 2955 792 3019 consentire:

415 3057 559 3121 ‘Primo
581 3055 673 3138 quod
696 3055 854 3118 dominus
879 3075 942 3119 rex
961 3054 1126 3121 Chartam
1144 3056 1310 3139 Magnam

366 3177 443 3222 cum
474 3155 597 3221 ceteris
625 3154 780 3219 articulis
812 3155 969 3240 adjectis,
1004 3164 1039 3221 et
1074 3155 1238 3221 Chartam
1271 3158 1314 3222 de

368 3259 514 3322 Foresta
544 3264 675 3320 annuat
701 3262 736 3319 et
766 3256 964 3334 confirmet3
995 3263 1030 3320 et
1057 3257 1149 3338 quod
1180 3257 1311 3323 nullum

365 3357 534 3422 auxilium
556 3356 612 3420 vel
635 3354 852 3419 exactionem
874 3355 996 3438 exigat
1017 3375 1039 3419 a
1066 3356 1158 3420 clero
1177 3357 1232 3421 vel
1255 3378 1315 3441 po-

365 3458 448 3541 pulo
470 3458 506 3521 iu
539 3463 725 3539 posterum,
756 3456 888 3539 absque
914 3455 1058 3520 consilio
1086 3465 1121 3521 ct
1143 3475 1311 3535 assensu;

365 3569 400 3624 et
430 3558 520 3642 quod
546 3576 682 3622 omnem
716 3554 881 3620 offensam
920 3556 1102 3621 comitibus
1133 3565 1168 3622 et
1195 3577 1312 3622 eorum

401 3779 410 3811 ¹
427 3781 572 3842 ‘congressi
580 3775 596 3840 ;'
612 3781 651 3828 M.
660 3779 741 3830 etAr.
751 3780 827 3830 mule.
853 3781 927 3842 situs,
948 3796 1072 3843 nusqmm
1089 3784 1212 3844 pabulum
1230 3792 1317 3848 gusta·

400 3848 434 3880 ²‘
444 3849 614 3900 Marmadulre
636 3851 668 3898 de
690 3844 826 3912 Twenge;'
854 3849 913 3910 vit;’
931 3851 1008 3903 Hem.
1021 3856 1078 3903 1³1.

365 3920 507 3972 Ar.et.lr.
522 3926 580 3970 220.
615 3921 664 3969 See
678 3920 718 3968 his
732 3920 829 3982 pellant
887 3919 965 3970 ⁴'I‘he
988 3923 1061 3972 Scots
1081 3922 1164 3972 called
1184 3923 1317 3988 Cressing-

364 3991 497 4052 exploitin
509 3990 586 4040 Hem.
598 3995 655 4052 las,
665 3994 692 4040 et
702 4005 756 4052 seq.
853 3990 921 4053 ham,
950 3993 1018 4041 ‘non
1046 3993 1242 4056 thesaurarium,
1271 3996 1317 4044 sed

401 4058 411 4089 ³
427 4061 569 4111 Soiastdid
581 4061 612 4110 he
622 4061 688 4122 flyto
698 4061 828 4122 Berwick,
852 4064 1030 4122 trayturarium
1046 4060 1138 4125 regis?
1171 4065 1317 4116 Hem.180:

365 4130 420 4179 that
435 4132 478 4181 the
495 4132 568 4181 horse
584 4131 639 4179 that
650 4131 747 4180 carried
764 4132 826 4194 him,
852 4131 910 4180 who
932 4134 1046 4195 quaintly
1067 4134 1143 4196 adds,
1165 4138 1211 4185 ‘et
1234 4138 1318 4186 verius

366 4201 439 4251 when
456 4204 500 4252 ‘in
517 4201 617 4252 stabulo
635 4201 763 4251 Miserum
781 4217 826 4264 po·
852 4201 899 4252 hoc
911 4218 987 4264 quum
998 4201 1150 4256 credebaut?
