2896 4860
499 446 683 495 insanas.
1001 432 1065 496 341

117 610 249 667 tantum
274 624 334 687 per
356 604 443 667 duas
465 604 581 669 leucas
599 607 643 670 ab
666 607 750 671 urbe
775 605 957 685 distantes,
976 607 1062 672 cele·
1078 625 1120 665 111·
1128 628 1197 667 osne

115 704 198 767 riter
221 724 403 787 occupare.
468 697 689 770 ¹Praemuniti
711 707 963 790 aliquantulum
993 706 1065 773 An·

115 805 196 885 glici
221 805 263 868 de
289 809 440 871 adventu
463 805 626 883 bostium,
652 807 696 871 ad
719 807 845 872 bellum
869 815 1064 892 separant,

1076 676 1229 718 nctlcnatbere.

115 912 151 967 et
183 906 319 983 armati,
357 912 460 988 prout
496 906 662 970 articulus
702 909 866 990 temporis
897 909 1063 993 permisit,

114 1004 206 1087 parti
246 1012 430 1069 occurrunt
468 1005 649 1086 adversae3
695 1015 922 1091 consertoque
963 1010 1063 1091 gravi

116 1104 248 1188 praelio,
280 1126 348 1170 non
383 1106 457 1170 sine
487 1115 604 1190 strage
634 1107 756 1186 multa,
790 1107 913 1174 Gallos
934 1117 1063 1192 cogunt

116 1206 159 1269 ad
188 1207 307 1270 urbem
341 1207 477 1271 reverti.
531 1206 629 1287 Quos
660 1208 741 1273 dum
775 1208 946 1292 fugientes
973 1211 1065 1275 inse·

116 1315 280 1388 quuntur,
305 1307 450 1389 ingressi
478 1316 561 1373 sunt
591 1310 709 1373 urbem
734 1309 802 1373 duo
834 1310 960 1375 milites
991 1310 1063 1375 An·

115 1406 255 1488 glicani,
284 1407 408 1472 fratres
442 1406 571 1472 domini
600 1409 697 1474 Petri
729 1409 772 1474 de
795 1409 997 1486 Malolacu,
1027 1420 1063 1476 et

118 1508 240 1572 tertius
257 1501 406 1584 ²Vasco,
431 1526 509 1571 cum
530 1509 664 1573 duobus
687 1509 889 1575 vexilliferis
915 1510 1063 1576 Joannis

117 1607 160 1671 de
178 1608 359 1673 Britannia
380 1615 415 1672 et
437 1605 542 1673 Alani
563 1609 598 1673 la
619 1609 766 1687 Souche‚
788 1630 876 1693 quos
899 1619 1064 1693 ceperunt

117 1707 246 1773 Gallici
279 1710 388 1792 portis
416 1708 554 1773 clausis.
606 1709 800 1776 Devastata
828 1730 909 1776 vero
937 1730 1065 1792 magna

117 1816 216 1892 parte
259 1809 413 1874 suburbii
452 1810 622 1887 incendio,
660 1809 883 1875 Eadmundus
922 1818 1064 1894 propter

117 1910 283 1992 quasdam
311 1930 434 1974 causas
460 1910 587 1974 arduas
609 1911 793 1975 revertitur
811 1911 846 1974 in
870 1911 1061 1990 Baionam;

118 2011 177 2073 obi
207 2031 276 2075 non
307 2010 417 2075 multo
448 2017 526 2092 post
556 2011 592 2073 in
623 2011 860 2093 aegritudinem
891 2010 1064 2089 decidens,

119 2112 300 2174 terminum
331 2112 413 2175 vitae
441 2110 576 2174 clausit.
627 2110 772 2176 Obsedit
794 2118 874 2195 post
903 2111 977 2175 baec
1004 2132 1064 2176 ex·

118 2211 244 2275 ercitus
273 2208 490 2293 Anglicanus
522 2211 641 2275 urbem
672 2210 881 2294 Aquensem,
913 2211 973 2275 sed
1004 2231 1065 2295 pe-

119 2310 218 2374 nuria
240 2311 441 2376 victualium
471 2319 613 2375 coactus
645 2311 818 2377 discedere
852 2312 1063 2376 obsidionem

119 2411 243 2476 omisit.
296 2411 420 2476 Comes
438 2409 709 2491 Attrabatensis,
726 2431 788 2495 per
812 2432 926 2495 regem
956 2412 1064 2475 Fran·

120 2531 237 2576 corum
267 2512 303 2575 in
326 2511 535 2576 Vasconiam
564 2512 701 2591 missus,
724 2513 932 2578 munitiones
959 2531 1064 2595 quas·

118 2610 197 2675 dam
230 2613 272 2677 de
301 2631 405 2676 manu
431 2610 655 2692 Anglicorum
679 2613 837 2677 extorsit.
890 2611 960 2692 Qui
982 2633 1065 2677 vero

121 2713 276 2793 Burgum
308 2732 412 2795 super
451 2731 544 2775 mara
583 2714 756 2790 tenebant,
794 2712 971 2778 obsidente
1004 2732 1064 2777 eos

120 2812 257 2878 domino
278 2813 320 2877 da
342 2812 505 2892 Sulliaco,
523 2812 680 2877 inducias
697 2813 933 2895 impetrantes,
955 2832 1065 2896 usque

122 2914 281 2978 Blavium
312 2933 375 2996 pro
405 2919 597 2977 commeatu
620 2914 759 2978 nuntios
788 2914 1063 2978 transmiserunt.

121 3013 191 3078 Ubi
213 3034 291 3078 cum
315 3033 438 3078 navem
463 3013 669 3077 victualibus
695 3021 854 3077 onustam
877 3013 981 3077 ceteri
1007 3012 1066 3076 de·

120 3114 245 3179 ducere
265 3119 475 3191 recusarent,
496 3113 613 3176 Simon
631 3113 674 3177 de
695 3111 949 3191 Monte-acuto,
966 3113 1065 3177 miles

121 3224 282 3280 strenuus
314 3222 349 3278 et
375 3214 549 3290 cordatus,
574 3233 636 3296 per
659 3213 789 3277 medias
815 3214 933 3296 galeas
956 3212 1066 3278 Galli·

120 3335 249 3391 corum,
273 3334 351 3397 quac
377 3315 421 3379 ad
444 3312 692 3397 prohibendum
716 3314 897 3378 transitum
924 3313 1065 3378 navium

120 3414 262 3479 fluvium
294 3415 537 3490 observabant,
563 3412 761 3496 adspirante
788 3413 873 3476 datu
900 3432 1066 3496 prospero

120 3534 228 3597 nsque
247 3516 402 3597 Burgum
425 3513 588 3578 deduxit:
612 3532 682 3596 quo
704 3513 855 3595 cognito,
872 3511 987 3577 soluta
1003 3513 1065 3576 ob·

119 3616 263 3693 sidione,
286 3615 443 3678 dominus
466 3613 509 3678 de
526 3606 697 3678 ³Sulliaco
716 3613 901 3678 revertitur
922 3612 958 3676 in
981 3611 1067 3677 Gal·

120 3715 197 3794 lias,
214 3716 346 3779 intento
366 3714 565 3778 frustratus.

171 3815 399 3897 [Florentius,
416 3835 531 3880 comcs
549 3813 747 3891 Holandiae,
763 3813 823 3897 qui
843 3811 949 3877 filium
966 3831 1065 3877 suum
1079 3833 1185 3880 nemea

1079 3887 1143 3923 count
1151 3884 1175 3922 ol

119 3918 194 3998 regi
217 3915 356 3999 Angliae
379 3917 595 3981 nutriendum
623 3913 776 3991 tradidit,
797 3915 852 3978 cui
875 3915 978 3978 etiam
1004 3934 1065 3979 rex
1079 3932 1210 4033 3313aess

120 4017 224 4081 filiam
254 4036 352 4081 suam
380 4017 558 4081 Elisabeth
586 4015 757 4081 connubio
782 4014 930 4099 jungere
952 4015 1160 4097 dispo-papa.

156 4195 162 4224 ¹
183 4190 368 4255 ‘l'rarmoniti3'
381 4195 448 4244 D’A.
642 4190 818 4252 ⁸‘Solliaco;’
838 4192 898 4241 Ced.
917 4192 981 4254 Reg.
1016 4192 1070 4242 'l'be

155 4265 165 4294 ²
180 4267 242 4316 Tbis
250 4265 322 4315 word
331 4266 353 4315 is
364 4266 467 4315 omitted
476 4266 502 4313 in
514 4259 582 4313 UA.
608 4263 680 4313 otber
691 4262 766 4312 MSS.
778 4262 842 4312 bave
853 4257 997 4312 ‘sulliaco’
