2896 4860
526 418 706 467 Arsanus.
1050 403 1094 468 5⁷

138 586 174 650 in
196 583 461 662 Normanuiam,
483 592 652 649 venerunt
675 586 784 650 nuntii
809 587 1025 671 imperatoris
1048 587 1090 652 ad
1107 599 1224 698 me.

139 705 270 768 regem,
288 691 444 767 petentes
461 703 565 748 uuam
583 685 730 749 tiliarum
748 687 839 768 regis
863 689 906 752 ad
926 688 1224 790 ⁰1³¹¹Sfi¹iiflgg¹ffl

140 786 209 863 sni,
233 793 269 849 et
294 783 399 849 aliam
423 783 467 848 ad
500 804 586 866 opus
618 783 764 848 Heurici
793 785 890 851 ducis
917 788 1093 852 Saxonis.

142 885 277 949 Annuit
294 885 518 967 petitionibus
536 903 611 962 rex,
633 884 881 968 pactionesque
903 906 1008 969 super
1027 886 1093 964 his,

142 986 221 1050 binc
254 984 333 1049 inde
366 984 591 1048 sacramentis
624 983 801 1066 praestitis,
835 985 1094 1050 confirmantur.

143 1085 284 1167 Regina
299 1084 479 1161 Alienora,
502 1092 648 1150 evocata
670 1103 692 1147 a
714 1102 807 1165 rege,
831 1086 981 1149 venitin
1002 1085 1095 1149 Nor·

142 1184 329 1261 manniam,
357 1183 532 1248 adducens
563 1203 677 1247 secum
708 1182 816 1246 filium
845 1204 945 1248 sunm
975 1184 1095 1249 Ricar-

142 1285 237 1362 dum,
254 1283 429 1366 filiamque
449 1283 642 1347 Matildem.
688 1281 864 1346 Henricns
888 1303 961 1361 rex,
983 1302 1095 1348 rema·

142 1393 244 1450 neute
257 1383 378 1466 regina
393 1385 427 1447 in
444 1383 478 1447 N
482 1382 670 1458 ormanuia,
687 1382 722 1445 in
736 1381 900 1465 Angliam
913 1384 1095 1461 transiens,

142 1505 222 1551 cnm
257 1483 368 1548 multo
397 1491 570 1567 apparatu
602 1481 738 1560 bellico,
761 1482 957 1548 Wallenses
986 1484 1096 1547 insur-

143 1593 266 1668 gentes
284 1585 459 1667 repressit.

194 1683 398 1749 Alexander
414 1702 518 1768 papa,
534 1683 730 1767 relinquens
747 1685 927 1761 Senonem,
945 1686 1004 1749 ubi
1020 1685 1095 1768 jam
1110 1694 1227 1785 30¹¹er

145 1785 281 1849 duobus
304 1777 435 1849 ¹fuerat
463 1785 575 1861 anuis,
604 1785 647 1847 ad
680 1785 835 1849 Montem
868 1784 1095 1849 Pessulanum
1111 1795 1172 1844 Italy·

144 1883 343 1964 contendit;
377 1884 527 1968 indeque
559 1885 677 1949 navali
701 1884 921 1968 expeditione
944 1885 1097 1968 perrexit

148 1984 191 2049 ad
214 1992 342 2048 terram
364 1986 455 2066 regis
470 1984 596 2049 Sicilie
611 1985 791 2062 Willelmi,
809 1985 865 2048 cni
880 2004 942 2048 nec
960 1986 995 2048 in
1011 1985 1097 2048 mari

148 2105 208 2167 per
222 2085 354 2167 piratas
371 2085 590 2168 imperatoris
604 2086 737 2150 insidiae
754 2083 946 2148 defuerunt.
985 2084 1098 2149 Lodo·

147 2184 236 2260 vico,
257 2183 469 2249 Francorum
492 2185 578 2266 regi,
596 2182 687 2250 filius
714 2185 868 2249 nascitur
887 2204 1003 2248 mense
1021 2181 1096 2247 Au-

146 2293 264 2367 gusto,
278 2277 480 2367 'Philippus
493 2293 649 2349 vocatus.
695 2284 844 2349 Moritur
859 2277 1097 2360 ³Malcolmus,
1111 2307 1210 2348 anaim

149 2385 330 2449 Scotorum
348 2403 423 2460 rex,
441 2384 581 2468 juvenis
598 2384 769 2466 religiosae
785 2384 924 2460 indolis,
941 2383 997 2446 cui
1019 2402 1097 2446 suc·
1111 2358 1240 2448 iigfm'm

147 2484 253 2549 cessit
270 2483 467 2548 Willelmns
482 2502 666 2564 germanus
683 2484 847 2568 ejusdem.

201 2584 386 2657 Esuriens,
411 2601 471 2645 rex
495 2580 644 2663 Angliae,
670 2584 808 2647 directis
830 2583 1099 2647 comminatoriis
1111 2603 1218 2654 masin,

150 2684 276 2747 litteris
298 2681 342 2746 ad
369 2681 593 2746 Cistertiense
611 2684 814 2765 capitulum,
838 2684 976 2747 beatum
1004 2682 1097 2747 Tho·
1111 2656 1261 2745 ‘obdidit‘

150 2801 239 2846 mam
260 2801 283 2845 a
296 2781 501 2846 Pontiniaco
518 2784 703 2846 exturbare
719 2782 863 2847 curavit.
904 2783 985 2865 Ipse
1004 2802 1098 2861 vero,
1110 2755 1251 2845 bibiti.

151 2884 277 2947 timeus
296 2882 379 2945 viris
403 2882 543 2957 sanctis
569 2891 693 2964 sponte
721 2884 883 2962 rccessit3
915 2883 976 2946 sed
1000 2855 1261 2955 anto-ibiibi·

151 3001 256 3065 quam
272 2981 351 3045 inde
365 2981 642 3065 progrederetur,
657 2983 871 3047 confortatus
889 2990 942 3046 est
959 2991 1099 3047 ostenso
1111 2956 1252 3071 {2⁸:212}

150 3082 218 3145 sibi
250 3081 386 3145 coelitus
419 3083 559 3160 indicio,
585 3083 677 3164 quod
712 3082 754 3145 ad
790 3082 968 3146 ecclesiam
1000 3102 1099 3146 snam
1111 3081 1240 3131 ‘itm

149 3180 323 3246 rediturus
349 3190 440 3246 esset
460 3201 537 3246 cnm
559 3181 683 3262 gloria,
704 3190 739 3245 et
761 3202 822 3265 per
846 3182 1000 3264 martyrii
1026 3183 1101 3264 pal·

150 3300 241 3345 mam
257 3281 467 3362 migraturus
485 3280 529 3344 ad
551 3280 748 3345 Dominum.
800 3281 979 3345 Transivit
993 3282 1100 3363 igitur

149 3380 195 3444 ad
223 3387 378 3444 sanctam
411 3379 626 3458 Columbam,
660 3401 741 3462 rege
773 3381 983 3444 Francorum
1021 3401 1099 3446 euru

150 3479 348 3544 humaniter
363 3486 548 3556 tractante,
571 3489 606 3544 et
621 3482 656 3544 in
673 3481 874 3544 necessariis
891 3481 1075 3577 exhibente
1089 3501 1099 3560 3

150 3579 207 3645 cui
222 3578 340 3656 etiam,
358 3581 682 3663 successoribusque
704 3581 775 3643 suis
790 3580 825 3642 in
841 3578 986 3643 ecclesia
1005 3580 1100 3662 Lug·

150 3679 298 3743 dunensi
313 3679 530 3763 praebendam
548 3689 749 3763 perpetuam
767 3680 969 3760 assignavit.

189 3892 195 3917 ¹
214 3892 254 3940 Μ.
266 3891 325 3939 here
336 3889 401 3938 adds
412 3890 549 3938 ‘moratus

152 4036 176 4080 et
186 3959 272 4080 {Litai
284 3961 421 4023 Philippus
432 3964 537 4007 vocatur
547 3951 560 4019 ς’
578 3958 616 4007 Μ.
677 3951 688 3985 ³
704 3956 900 4018 ‘ltlaicolinus3’
912 3954 980 4003 D'A.
