2896 4860
502 412 685 461 anninus.
1005 395 1071 461 123

116 572 252 648 Risam,
277 570 359 634 illuc
383 571 521 635 obviam
548 565 595 636 loi
623 580 799 654 properat,
820 590 863 636 ac
891 591 967 636 cam
992 572 1071 636 inde
1084 589 1177 678 milne

116 691 232 737 secum
253 690 364 755 nsque
387 670 586 735 Messanam
609 672 766 736 adduxit.
819 672 984 737 Habebat
1008 691 1070 736 au·
1083 639 1151 780 {121⁵
1161 687 1213 727 oth

117 781 188 838 tem
209 772 330 854 regina
344 769 512 836 Alienora
534 791 648 836 secum
673 773 707 836 in
731 772 898 837 comitatu
923 773 1072 837 nobilem
1104 738 1219 789 “m''

117 872 282 957 puellam,
309 871 415 935 filiam
444 870 535 954 regis
567 871 749 951 Navarrae,
782 874 920 938 nomine
946 874 1073 938 Beren-

117 974 264 1057 gariam,
283 972 374 1055 regis
389 971 531 1037 Ricardi
549 972 700 1038 suturam
715 993 870 1038 uxorem.
919 974 1073 1038 Recusa·

117 1080 219 1138 verat
242 1073 332 1137 euim
358 1093 420 1137 rex
445 1072 630 1151 Ricardus,
656 1094 772 1139 amore
794 1073 888 1138 illius
915 1075 1074 1153 allectus,

119 1193 274 1239 sororem
289 1173 381 1255 regis
397 1174 620 1238 Francorum.
663 1173 830 1239 Alienora
845 1175 937 1256 regis
952 1183 1075 1253 mater,

119 1279 202 1358 post
218 1273 368 1356 aliquam
385 1293 527 1352 moram,
545 1274 740 1357 regrediens
758 1295 820 1358 per
837 1275 964 1357 bargas
981 1276 1075 1340 venit

120 1373 313 1450 Salernum,
336 1380 371 1438 et
391 1374 471 1438 inde
493 1376 527 1438 in
547 1374 821 1454 Normanuiam;
848 1375 994 1458 praesata
1010 1376 1075 1440 Be·

122 1474 284 1556 reugaria
307 1493 385 1537 cum
414 1494 495 1557 rege
526 1475 678 1540 Ricardo
708 1476 840 1553 relicta,
873 1495 976 1560 quanr
1006 1494 1077 1539 una

120 1593 201 1638 cum
226 1591 345 1638 sorore
370 1592 436 1637 sua
459 1574 579 1656 regina
607 1574 733 1640 Siciliae
759 1576 927 1658 praemisit
954 1595 1076 1641 versus

121 1672 277 1758 Cyprum
299 1674 335 1738 in
357 1673 504 1739 navibus
527 1694 605 1758 qnae
624 1675 729 1757 vulgo
752 1676 934 1740 dromones
956 1676 1075 1740 dicuu-

120 1782 191 1852 tur,
216 1774 353 1857 ipsein
379 1774 489 1856 galeis
515 1794 597 1839 nrox
623 1793 701 1839 cnm
734 1776 879 1839 navibus
910 1777 1076 1841 onerariis

122 1882 317 1940 secuturus.
369 1874 438 1940 Die
450 1875 568 1958 itaque
583 1875 748 1940 Mercurii
763 1883 843 1959 post
859 1876 1074 1940 Domiuicam

121 1976 158 2039 in
189 1975 296 2039 ramis
329 1974 542 2053 Palmarnm‚
571 1975 829 2058 adspirantibus
862 1977 967 2054 aurici,
995 1996 1074 2042 cum

123 2075 236 2141 classe
258 2075 397 2140 navium
421 2077 563 2158 copiosa
590 2095 651 2140 rex
678 2076 909 2160 progreditur,
938 2077 1076 2142 diversa

124 2175 163 2240 in
192 2176 254 2240 illa
285 2175 508 2257 navigatione
540 2176 646 2240 muris
675 2176 830 2260 pericula
863 2185 899 2241 et
927 2177 1076 2260 plurima

125 2276 309 2361 experiens
341 2275 530 2341 infortunia
562 2282 828 2359 tempestatum
866 2295 1011 2360 quarum
1040 2276 1076 2341 vi

125 2377 291 2460 dispersae
321 2383 404 2441 sunt
427 2395 545 2454 naves,
577 2376 619 2441 de
649 2378 775 2460 quibus
805 2377 965 2460 quaedam
990 2395 1077 2460 prae·

125 2485 297 2544 venerunt
319 2496 447 2560 regem,
473 2496 618 2560 quarum
642 2485 712 2542 tres
735 2476 922 2560 perierunt,
944 2486 980 2563 et
1003 2476 1079 2560 qni·

127 2578 207 2643 dam
248 2577 309 2661 qni
349 2576 486 2642 inerant
527 2577 695 2641 submersi
738 2584 831 2654 suut,
867 2578 958 2643 inter·
991 2595 1078 2661 quos

126 2678 288 2759 Rogatus
304 2676 587 2742 Malus-Catulus
610 2678 703 2759 regis
724 2677 892 2760 sigillifer,
916 2697 993 2742 cum
1017 2697 1077 2741 cu-

120 2777 184 2862 jus
201 2777 305 2842 etiam
328 2796 471 2860 corpore
494 2777 647 2860 sigillum
670 2785 792 2861 postca
811 2786 864 2842 est
887 2777 1077 2843 inventum.

127 2876 257 2942 Eorum
280 2895 362 2942 vero
388 2878 449 2961 qui
473 2877 693 2959 naufragium
716 2885 912 2955 evaseruut,
929 2877 986 2942 vel
1008 2874 1079 2941 'in-

125 2976 216 3059 tegri
233 2984 463 3060 pervenerunt
479 2978 523 3041 ad
537 2985 677 3056 terram,
691 2978 832 3061 quidam
849 2980 892 3042 ab
907 2978 1079 3060 indigenis

126 3078 353 3162 perimuntur,
388 3078 527 3160 quidam
558 3098 640 3143 vero
672 3079 776 3142 armis
811 3078 950 3160 spoliati
981 3079 1079 3143 etin

126 3177 320 3243 custodiam
334 3178 521 3242 intromissi
536 3178 650 3242 inedia
667 3172 877 3261 affliguntur.

179 3277 224 3342 Iu
247 3278 302 3342 die
324 3296 406 3343 vero
429 3278 464 3344 S.
481 3278 505 3343 J
508 3280 628 3342 oannis
652 3285 732 3343 ante
755 3278 898 3343 Portam
918 3278 1078 3343 Latinam
1093 3298 1226 3339 noanon

129 3398 191 3443 rex
219 3378 392 3443 Ricardus
413 3399 492 3443 cum
520 3379 683 3443 universo
707 3380 873 3443 comitatu
899 3398 976 3456 sno,
1000 3388 1079 3462 post
1093 3349 1234 3445 iiiiii-¹13?

129 3479 259 3545 multos
280 3485 317 3543 et
338 3477 536 3544 fastidiosos
558 3479 707 3556 labores,
733 3479 858 3562 quibus
883 3478 1079 3543 retardatus
1092 3451 1181 3592 iffi.

128 3587 215 3657 erat,
245 3580 460 3662 gubernante
485 3579 577 3656 Dae,
601 3578 770 3644 deductus
792 3586 846 3642 est
868 3578 912 3642 ad
943 3586 1078 3661 portum
1119 3562 1145 3601 ⁵'
1153 3552 1173 3590 θ’

131 3678 238 3763 Cypri
267 3679 358 3762 apud
391 3680 508 3744 urbem
537 3673 729 3742 ³Limczun.
783 3677 858 3742 Nec
893 3680 1011 3742 statim
1044 3680 1081 3742 in

130 3788 257 3845 terram
275 3779 439 3855 ascendit,
464 3779 523 3843 sed
547 3779 591 3845 ad
618 3787 753 3866 tempus
769 3798 806 3842 se
824 3777 977 3843 cohibuit
992 3778 1082 3841 infra

132 3899 250 3945 naves.
302 3877 442 3944 Auditis
455 3899 538 3944 vero
553 3879 775 3962 querimoniis
789 3897 892 3961 super
906 3878 1081 3943 hominurn

170 4147 176 4176 ¹
196 4140 418 4196 D’A.ornits‘ei.’
653 4138 858 4204 ³‘Lunczeum3’
873 4141 992 4192 musa
1016 4141 1083 4192 Now

168 4216 180 4249 ¹
195 4218 256 4280 ‘qui
268 4215 359 4278 integri
367 4209 383 4276 ;'
401 4212 471 4264 n’A.
619 4214 738 4263 Limasol.
