2896 4860
539 404 721 453 ANNALES.
1038 386 1104 452 323

144 560 220 643 ejus
244 561 279 625 in
302 562 512 627 monasterio
539 560 807 637 Ambresburlae,
825 580 884 623 cor
911 579 992 624 vero
1010 559 1101 623 Lon-

145 659 257 725 doniis
279 664 313 726 in
338 663 483 727 ecclesia
506 663 647 727 fratrum
672 662 857 725 Minorum.
913 661 992 724 Rex
1023 680 1103 724 vero

146 770 226 843 post
248 763 371 828 festum
393 763 430 827 S.
448 763 629 827 Michaelis
646 763 768 826 iterum
794 761 938 826 tendens
966 762 1000 824 in
1020 760 1101 824 Sco·

148 863 243 939 tiam,
260 884 336 928 cum
355 864 548 928 Eboracum
567 863 727 939 venisset,
748 882 951 945 moramque
969 861 1101 943 aliqna-

147 962 215 1026 lem
243 964 290 1027 ibi
320 965 468 1042 fecisset,
500 964 615 1028 Resus
638 963 729 1027 filius
757 963 937 1026 Mereduci
964 970 1099 1043 captus,

147 1063 297 1147 illucque
325 1065 504 1141 deductus,
523 1063 737 1149 judicialiter
758 1072 812 1127 est
841 1063 1100 1128 condemnatus.

149 1162 332 1230 Profectus
361 1166 482 1230 deinde
513 1185 575 1229 rex
607 1166 642 1228 in
673 1164 840 1239 Scotiarn,
873 1164 1031 1228 omuibus
1063 1161 1098 1224 in

148 1283 292 1346 regnum
321 1265 447 1331 Scotiae
469 1265 529 1350 jus
560 1264 816 1329 vindicantibus
851 1264 1027 1346 imposuit,
1061 1271 1100 1326 ut

149 1365 184 1428 in
215 1365 304 1431 festo
336 1367 371 1431 S.
402 1365 552 1431 Jonnnis
586 1366 758 1449 Baptistae
793 1364 950 1447 proximo
983 1363 1099 1428 luturo

150 1484 266 1530 coram
282 1488 320 1531 se
340 1474 590 1550 comparerent,
613 1475 648 1530 et
665 1485 735 1549 quo
754 1465 835 1549 jure
853 1482 999 1547 regnum
1016 1462 1099 1527 illud

153 1566 374 1632 vindicabant
399 1568 535 1651 plenius
557 1568 785 1631 declararent.

934 1781 1070 1817 auctorum

192 1866 304 1905 nccxcn.
370 1867 515 1904 uicorum.
581 1867 689 1903 nnuutn
743 1869 850 1904 ruituri
863 1869 896 1906 ιν.
935 1869 1051 1904 unwanni
1064 1869 1082 1905 1.

615 1928 657 1974 20.
821 1962 828 1976 .
987 1931 1028 1976 2⁰.

205 2066 395 2130 Nicounus
416 2085 509 2151 papa
524 2074 669 2149 quartus
684 2066 775 2131 viam
798 2069 968 2132 universae
989 2069 1102 2132 carnis
1116 2086 1188 2126 unu

154 2168 331 2248 ingressus
359 2176 424 2245 est,
446 2167 506 2250 qui
523 2167 639 2249 paullo
657 2176 739 2232 aute
762 2187 877 2251 regern
899 2166 1037 2250 Angliae
1058 2168 1101 2232 ad
1114 2141 1196 2176 ’Μ

154 2268 423 2351 recuperandum
450 2267 592 2331 Terram
616 2267 779 2332 Sanctam
802 2269 966 2346 invitans,
981 2268 1101 2333 ducem

155 2376 190 2432 et
211 2369 429 2451 capitaneum
452 2367 603 2431 omnium
620 2369 800 2435 constituit
817 2368 1101 2434 Christianorum.

157 2468 244 2533 Post
264 2467 402 2533 Pascha
428 2468 510 2532 anni
534 2467 688 2551 ejusdem
709 2469 745 2532 in
773 2470 922 2534 statione
950 2471 1101 2545 navium,

155 2589 234 2653 quae
256 2569 346 2633 solet
361 2589 437 2633 esse
452 2568 542 2653 apud
561 2568 728 2634 Sanctum
746 2570 953 2634 Matthaeum
971 2570 1005 2633 in
1025 2571 1102 2634 Bri-

157 2670 287 2748 tannia,
310 2672 453 2735 suborta
479 2681 532 2734 cst
560 2671 650 2734 inter
675 2679 800 2734 nantas
827 2670 1038 2735 Baionenscs
1067 2680 1103 2735 et

159 2771 379 2836 Normannos
418 2768 601 2846 discordia,
647 2779 895 2854 coeperuntque
935 2791 974 2835 se
1010 2777 1103 2835 terra

156 2873 311 2954 marique
339 2880 459 2935 mutuo
487 2871 712 2952 impugnare:
754 2872 995 2955 roboratisque
1023 2891 1101 2955 par-

158 2974 249 3036 tibus
266 2972 376 3037 crevit
393 2969 529 3048 seditio,
553 2971 633 3035 dum
652 2972 904 3037 Baionensibus
924 2970 1104 3036 adbaerent

158 3071 316 3156 Anglici3
360 3071 571 3136 Normannis
611 3093 694 3137 vero
739 3082 854 3137 nautae
887 3074 1005 3151 ceteri,
1044 3073 1102 3156 qui

157 3181 256 3238 erant
282 3173 476 3239 deditione
505 3173 596 3254 regis
628 3173 851 3239 Francorum.
904 3172 1104 3239 Onerantur

153 3274 226 3357 jam
248 3294 355 3339 naves
381 3272 460 3337 hinc
488 3272 566 3337 inde
587 3292 655 3336 nou
681 3281 815 3339 tautum
838 3275 1021 3352 mercibus,
1043 3274 1102 3337 sed

158 3375 273 3452 armis,
301 3383 336 3438 et
359 3393 430 3456 quo
447 3373 558 3455 magis
581 3367 678 3438 ¹aura
701 3374 868 3456 placidior
891 3374 1104 3440 defervesce-

160 3477 231 3554 bat,
264 3481 376 3540 strato
402 3494 541 3559 aequore
571 3475 685 3551 maris,
725 3483 825 3539 tauto
858 3476 1104 3558 periculosiora

159 3577 380 3641 incurrebant
406 3576 599 3657 naufragia,
630 3596 698 3639 non
725 3576 883 3640 cautibus
905 3576 1017 3650 illisae,
1043 3575 1104 3639 sed

159 3684 370 3760 expugnatae
401 3677 570 3742 violenter
602 3677 646 3740 ab
678 3676 786 3741 hoste.
862 3674 1012 3739 Moritur
1043 3695 1103 3739 rex
1117 3686 1269 3728 rnecounn·

1119 3739 1202 3779 limen
1212 3739 1231 3778 le

160 3777 397 3842 Romanorum
421 3776 638 3860 Radulphus,
672 3776 708 3840 in
741 3776 841 3859 cujus
872 3794 1104 3841 successorem
1118 3790 1246 3891 {mm

159 3879 289 3943 electus
323 3884 377 3941 est
408 3874 560 3941 Adultus
588 3897 703 3941 comes
726 3877 768 3940 de
792 3875 944 3952 Naasso,
968 3886 1004 3941 et
1032 3879 1261 3981 ⁸⁵⁰⁰¹¹⁰l⁰⁸¹¹⁸101

159 3978 432 4044 contradictione
460 3977 496 4041 in
524 3996 638 4059 regem
670 3975 884 4041 Alemanniae
907 3976 1107 4042 solemniter
1119 3953 1147 3983 ⁸¹¹
1166 3951 1229 3991 ‘'¹¹¹’'
1263 3968 1267 3977 '

194 4157 302 4209 '‘aura
324 4158 406 4222 magis
427 4157 566 4219 placidiore
592 4154 789 4217 defervescebat,
811 4160 889 4204 strato
919 4170 1030 4217 aqaore,
1056 4168 1109 4205 rnu-

160 4232 194 4280 ris
205 4225 265 4289 ira3‘
277 4230 315 4280 Μ.

929 4307 945 4345 Υ
964 4300 980 4344 2
