2896 4860
574 410 753 459 suranus.
1095 398 1140 462 97

184 589 206 636 a
221 571 402 653 sanguine,
419 572 454 634 in
472 572 618 637 sabbato
636 590 774 636 reverso
789 571 913 655 spiritu
927 573 1014 657 eJus,
1028 575 1143 658 potuit

183 664 375 755 apparere.l

234 770 292 835 Ad
315 773 552 856 episcopatum
571 772 846 854 wigorniensem
863 774 994 839 electus
1008 782 1061 839 est
1077 775 1142 839 hoc

183 890 278 936 anno
294 872 539 957 Baldewynus‚
555 873 663 936 abbas
684 873 879 938 Fordensis
916 873 1012 940 Obiit
1026 883 1139 940 autem

182 971 341 1037 Joannes
358 966 615 1050 ²Cicestrensis,
635 974 690 1038 cui
710 972 857 1038 Sifridns
877 975 1062 1041 canonicus
1085 995 1140 1040 ec·

184 1071 299 1137 clesiae
315 1072 469 1157 ejusdem
484 1075 662 1139 successit.

139 1179 143 1185 '
235 1171 417 1258 Philippus
440 1194 554 1239 comes
578 1174 855 1253 Flandrensium,
878 1175 998 1240 audita
1021 1195 1139 1258 regum
1153 1190 1281 1231 Thearlor

1152 1240 1253 1280 Plaudere

183 1273 489 1352 conioederatione,
518 1275 646 1339 multos
677 1276 719 1341 de
745 1276 817 1340 suis
846 1283 881 1339 et
909 1275 988 1340 aliis
1021 1283 1279 1381 contrauffipp

183 1393 300 1457 regem
335 1374 545 1440 Francorum
572 1377 777 1456 commovit3
801 1396 871 1440 rem
900 1396 941 1441 eo
961 1376 1141 1442 devenisse
1152 1351 1235 1433 ῗῆοιιῖὴ
1243 1352 1302 1441 υἷε.

183 1473 400 1550 denuntians,
425 1483 462 1539 ut
480 1476 688 1542 munitiones
708 1497 824 1541 eorum
848 1477 1140 1556 subverterentur,

183 1574 238 1639 vei
252 1595 313 1658 pro
328 1576 419 1658 regis
432 1578 574 1641 arbitrio
584 1576 832 1661 deputarentur
844 1577 1023 1642 custodiae.
1056 1578 1140 1642 Fre·

182 1669 348 1740 dericum³
360 1675 462 1741 etiam
479 1676 731 1761 imperatorem,
745 1697 836 1741 nunc
847 1697 907 1760 per
918 1697 967 1755 se,
978 1698 1067 1742 nunc
1080 1699 1141 1761 per

183 1775 336 1854 nuntios,
363 1776 575 1852 sollicitavit,
600 1786 638 1842 ut
659 1779 824 1842 adversus
846 1798 959 1860 regem
982 1778 1139 1843 Franciae

182 1876 364 1959 insurgens
394 1878 527 1960 imperii
548 1877 674 1943 limites
696 1879 868 1943 dilataret.
915 1878 1039 1943 Comes
1057 1899 1139 1944 vero

183 1978 271 2060 ipse,
293 1977 488 2042 coadunato
511 1979 678 2058 exercitu,
700 1973 970 2045 ⁴Noviomenses
991 1980 1138 2056 attrivit,

183 2077 269 2142 fines
286 2073 624 2162 ⁵Sylvanectensium
647 2079 878 2164 depopulatus
900 2087 965 2156 est,
981 2071 1137 2143 ⁶succen-

182 2177 302 2262 ditque
326 2179 441 2255 villas,
466 2187 500 2244 et
527 2180 643 2244 vineas
671 2179 888 2264 exstirpavit.
942 2180 1137 2263 Stephanus

181 2297 308 2359 comes,
336 2280 495 2344 dominus
527 2281 661 2345 castelli
685 2280 777 2365 quod
808 2272 1137 2345 ’Sacrum-Caesaris

183 2378 320 2457 dicitur,
344 2388 464 2444 contra
486 2400 601 2462 regern
624 2381 805 2462 insurgens
830 2381 1003 2445 Fiandriae
1020 2381 1138 2445 comiti

183 2500 222 2544 se
235 2481 395 2564 subjecit.
431 2480 605 2545 Henricus
619 2501 682 2547 rex
696 2481 834 2564 Angliae
847 2481 967 2564 junior
980 2488 1014 2546 et
1032 2481 1138 2545 frater

183 2580 261 2665 ejus
299 2581 470 2645 Ricardns
506 2579 705 2664 Aquitaniae
736 2582 818 2658 dux,
852 2588 951 2663 patre
984 2583 1137 2659 absente,

181 2680 335 2745 maximo
358 2681 553 2746 coadunato
581 2683 748 2759 exercitu,
773 2683 808 2745 in
833 2682 1023 2746 subsidium
1046 2683 1137 2763 regis

184 2781 398 2846 Francorum
424 2788 602 2858 venerunt,
625 2791 660 2847 et
682 2783 792 2866 primo
817 2783 989 2847 dominum
1020 2783 1137 2858 castri,

181 2881 276 2966 quod
307 2881 616 2947 Sacrum-Caesaris
647 2882 784 2960 dicitur,
814 2883 858 2947 ad
886 2882 1134 2966 subjiciendum

181 3002 222 3047 se
241 2983 451 3048 Francorum
469 2983 559 3065 regis
577 2983 700 3066 gratiae
717 2983 965 3066 compulerunt.
1003 2983 1137 3046 Deinde

184 3082 448 3148 Flandreusium
471 3083 630 3147 comitem
656 3091 812 3148 coactum
837 3084 872 3146 in
896 3083 1026 3165 sugam.
1047 3090 1082 3147 et
1100 3084 1136 3146 in

181 3183 379 3249 castelludo
391 3184 512 3267 Crespi
529 3191 716 3266 receptum,
732 3183 955 3259 obsedissent,
972 3184 1037 3247 nisi
1053 3202 1136 3265 quo·

182 3282 329 3348 rundam
346 3304 487 3349 suorum
503 3285 681 3349 consilium
699 3282 901 3349 obstitisset.

219 3536 228 3569 ¹
243 3539 292 3589 See
311 3539 355 3588 the
372 3553 441 3588 same
462 3539 554 3601 legend
576 3550 656 3589 more*
669 3554 717 3601 pur
734 3539 864 3601 prophete,
886 3540 907 3587 br
926 3540 1030 3600 plusurs
1047 3539 1137 3587 choses

181 3616 210 3661 nt
224 3611 295 3673 large
311 3611 338 3659 in
355 3610 481 3692 Bobestus
497 3609 529 3658 de
548 3611 646 3672 Monte,
669 3610 745 3659 esent
756 3609 778 3694 pr
788 3608 891 3658 distdel
908 3614 988 3669 temps
1004 3624 1054 3669 que
1068 3613 1107 3656 est
1121 3622 1136 3655 a

181 3681 253 3782 ¹9ae
264 3681 644 3815 grffirrffgffiestrensiu'
669 3695 739 3778 wilt
751 3679 944 3799 itiolirioggnsem
955 3743 970 3809 ;’
991 3747 1030 3796 Μ.
1047 3749 1070 3793 et
1088 3742 1135 3793 Ar.

181 3816 251 3873 m.
671 3820 851 3881 NowrNoyon.

216 3888 227 3920 ³
242 3892 304 3940 ‘Eu
321 3892 346 3941 le
357 3891 502 3957 tempestat
513 3904 646 3951 emperour
704 3888 714 3919 ⁵
733 3891 800 3939 Now
811 3889 902 3938 Seniis.

181 3961 337 4025 Frederique
371 3961 447 4010 estoit
477 3975 509 4009 eu
536 3960 645 4009 Calabra
706 3958 881 4010 “succendit
890 3954 904 4017 ς’
917 3958 956 4008 Μ.
967 3962 991 4007 et
1003 3956 1050 4005 Ar.

177 4029 264 4083 i’nbbd
276 4031 412 4094 Jescbym,
426 4032 472 4093 qni
487 4031 563 4080 estoit
572 4035 646 4079 tenus
704 4027 715 4058 ⁷
734 4031 800 4079 Now
812 4031 943 4079 Sarrcerre.
