2896 4860
731 401 803 449 Nlo.
827 400 972 448 'l'RlVll‘l'l

391 587 416 624 D.
430 587 521 624 mc.
621 587 644 623 Ρ.
658 587 858 624 nonanoeane.
973 585 1125 621 retroeunt!
1165 586 1304 622 unomen!

402 674 515 711 nexunt.
553 672 699 710 innocuum
711 674 739 711 11.
770 673 882 710 cottam
895 674 924 711 ll.
961 672 1077 708 nooovlcl
1088 672 1133 710 vu.
1174 672 1298 709 mPllAill

1147 582 1151 788 Ι
1227 735 1243 779 8

630 734 670 781 1³.
837 735 862 781 d.
1035 734 1062 779 d.

291 901 303 930 ο
422 878 632 956 Housman,
647 877 1321 964 Wyntoniensisepiscopus,apostolioae

240 1003 303 1033 non.
369 978 462 1043 sedis
484 978 632 1062 legatuS,
656 998 719 1063 pro
740 979 856 1061 quiete
877 986 912 1043 et
934 979 1167 1063 praerogativa
1190 977 1321 1043 ordinis

369 1077 537 1145 clericalis
554 1079 736 1144 concilium
755 1073 939 1143 ¹Londonii
959 1078 1170 1158 celebravit3
1194 1079 1250 1144 cui
1262 1079 1320 1143 be·

368 1179 473 1262 nigne
503 1178 658 1243 interfuit
688 1198 750 1256 rex
782 1178 992 1262 Stephanus,
1021 1185 1056 1243 et
1080 1178 1210 1244 favoris
1233 1178 1320 1260 regii

367 1279 567 1360 suffragium
595 1298 662 1343 non
690 1279 840 1361 negavit.
908 1278 1086 1343 statutum
1113 1285 1166 1343 est
1188 1279 1224 1342 in
1251 1279 1318 1344 hoc

368 1379 525 1456 concilio,
543 1386 582 1443 ut
598 1380 794 1461 quicunque
802 1379 838 1442 in
850 1377 1012 1443 clericum
1023 1377 1079 1444 vel
1099 1371 1317 1445 'monachum

369 1498 491 1543 manus
506 1477 663 1562 injecerit
676 1477 858 1555 violentas,
878 1477 1077 1543 solemniter
1097 1479 1316 1544 denuntiare·

368 1585 425 1642 tur
436 1577 766 1655 excommunicatus,
776 1586 810 1643 et
820 1578 863 1644 ad
877 1577 1072 1643 Romanum
1084 1579 1315 1644 absolvendus

366 1677 563 1760 pontificem
593 1678 794 1743 mitteretur.
851 1672 1125 1743 ³Cantuariensls
1151 1678 1316 1763 archiepi-

365 1796 492 1862 scopus
510 1777 743 1856 Theobaldus,
766 1798 870 1862 super
883 1777 1168 1861 Wyntoniensem
1182 1779 1316 1862 episeo-

366 1896 448 1959 pum
469 1878 674 1943 ordinariam
697 1898 820 1960 gerens
842 1885 1062 1962 potestatem,
1085 1886 1120 1943 et
1133 1878 1316 1962 Wyntoni-

367 1978 459 2042 ensis
487 1978 668 2062 episcopus
691 1997 795 2062 super
823 1976 1107 2043 Cantuariensem
1129 1978 1314 2060 legationis

364 2075 508 2141 indultae
524 2084 730 2160 potestatem
748 2098 925 2155 exercens,
939 2077 1019 2142 dum
1034 2085 1154 2143 mutuo
1168 2079 1314 2144 invicem

365 2169 489 2258 gladii*
505 2176 725 2255 colliduntur,
741 2177 936 2242 Romanum
956 2177 1084 2243 adeunt
1104 2178 1314 2262 pontificem,

366 2283 401 2340 et
416 2278 641 2360 quaestionem
660 2285 757 2342 tanto
776 2279 973 2359 gratiorem,
995 2286 1126 2360 quanto
1143 2279 1313 2363 pondero·

364 2377 501 2455 siorem,
521 2371 701 2442 ⁵Romanis
715 2378 855 2443 auribus
872 2378 1071 2443 intulerunt.

416 2471 508 2542 Rox⁶
525 2477 733 2562 Stephanus,
750 2498 817 2543 non
840 2479 1017 2543 immemor
1040 2477 1129 2543 illati
1146 2480 1212 2544 sibi
1228 2479 1310 2544 olim

320 2552 333 2581 ⁰
362 2576 538 2643 dedecoris
556 2597 578 2642 a
595 2577 752 2643 Galfrido
765 2577 807 2642 de
821 2577 1038 2660 Magnavilla
1048 2580 1137 2644 arcis
1152 2579 1315 2644 London.

363 2677 468 2742 iensis
486 2669 720 2762 ⁷occupatore,
743 2698 811 2742 non
834 2678 917 2760 quid
940 2679 1076 2744 deceret
1098 2681 1226 2762 regiam
1250 2681 1313 2745 ho·

364 2784 544 2856 nestatem,
574 2777 635 2842 sed
664 2777 746 2860 quid
775 2777 898 2842 ultioni
928 2771 1165 2862 ⁸competeret,
1199 2781 1312 2845 consi-

361 2877 498 2955 derans,
508 2879 620 2960 ipsum
632 2878 667 2941 in
676 2878 772 2942 curia
780 2896 844 2942 sua
854 2879 945 2961 apud
954 2886 1112 2944 sanctum
1123 2878 1312 2959 Albanum,

361 2976 447 3040 nihil
464 2977 585 3042 talium
612 2978 847 3056 meditantem,
870 2978 1111 3062 comprehendi
1131 2979 1250 3064 jussit,
1275 2989 1312 3047 et

362 3075 501 3142 arctiori
534 3077 692 3143 custodia
722 3078 877 3143 detineri.
932 3078 1106 3162 Siquidem
1137 3098 1200 3144 rex
1233 3080 1311 3145 Ste-

362 3175 496 3259 phanus
513 3186 593 3243 ante
604 3196 713 3243 annos
727 3177 860 3260 aliquot
875 3177 1128 3258 Constantiam,
1142 3180 1308 3247 Lodovici

361 3276 453 3358 regis
484 3277 694 3342 Francorum
727 3297 892 3356 sororem,
925 3278 1113 3344 Eustochio
1143 3280 1214 3345 filio
1244 3300 1308 3346 suo

361 3376 602 3460 desponderat,
630 3376 810 3442 intendens
838 3375 1005 3443 affinitate
1032 3380 1121 3443 tanti
1145 3381 1310 3464 principis

361 3483 482 3540 contra
509 3475 796 3559 Andagavensem
825 3478 996 3556 comitem,
1024 3479 1134 3545 vimm
1161 3481 1309 3564 impera·

361 3575 467 3653 tricis,
503 3577 695 3660 liberosque
729 3577 923 3654 eorundem,
963 3598 1201 3645 successurum
1244 3582 1309 3646 sibi

361 3674 468 3739 filium
491 3677 662 3741 roborare.
709 3677 863 3761 Eratque
891 3698 997 3743 nurus
1021 3680 1095 3746 haee
1121 3679 1313 3747 Londoniis

396 3897 405 3932 ¹
416 3903 608 3954 ‘londoniense
618 3900 632 3965 ;'
650 3900 717 3956 Did.
882 3903 892 3933 ³
903 3906 1088 3957 ‘Romanorum
1097 3909 1114 3969 ;’
1130 3904 1198 3959 D'A.

396 3969 460 4022 '‘in
471 3975 644 4035 monachum'3
662 3976 700 4026 M.
712 3979 737 4025 et
747 3975 795 4026 Ar.
881 3973 1015 4026 “Eodem
1027 3993 1092 4028 auno
1100 3993 1145 4028 rex
1154 3975 1168 4040 ς’
1186 3980 1224 4030 Μ.

395 4033 496 4104 '‘Ipso
525 4059 590 4094 anno
612 4046 721 4095 nondum
744 4046 822 4108 linito,
881 4044 1079 4111 ⁷‘occupatore,
1095 4050 1149 4098 viro
1164 4065 1310 4113 magnarum

360 4108 441 4163 Cant?
452 4114 490 4163 M.
846 4117 935 4165 virium
944 4113 958 4177 ς’
976 4118 1015 4168 Μ.

395 4181 405 4212 ⁴
416 4185 424 4212 ‘
434 4180 529 4244 gladii,’
540 4185 643 4234 omitted
655 4186 679 4236 iu
690 4185 766 4234 Mert.
881 4183 891 4213 ⁸
901 4187 1024 4248 Omitted,
1036 4183 1104 4240 D'A.
