2896 4860
526 411 711 461 annuens.
1033 400 1096 466 135
1118 354 1126 369 ο

143 569 331 646 civitatem,
363 567 455 652 quod
488 589 556 634 non
592 590 694 653 posse
722 570 796 635 fieri
827 573 1093 655 existimabant;

142 670 335 751 praesertim
369 687 447 733 cum
481 670 742 753 perpendissent
771 672 904 755 plebem
939 674 1095 740 avidissi-

142 787 234 833 mam
273 768 317 834 ad
355 770 659 834 consummandam
697 774 1021 855 peregrinationem,
1055 783 1095 840 ut

142 868 223 933 inde
237 869 467 952 repatriarent
481 870 610 952 singuli
626 871 701 936 sine
716 891 821 936 mora.
865 874 1093 939 Redeundum

143 987 228 1052 ergo
259 977 452 1047 senserunt,
485 977 521 1034 et
549 969 715 1034 Ascaloni
743 972 968 1038 insistendum
993 993 1094 1057 repa·

140 1068 282 1149 raudae3
311 1088 390 1153 quse
405 1071 578 1134 sententia
591 1090 670 1135 cum
691 1072 897 1138 innotuisset
914 1075 1019 1157 plebi,
1040 1075 1094 1138 in·

141 1168 337 1234 aestimabili
352 1169 471 1235 dolore
487 1171 678 1236 contabuit.
731 1171 818 1236 Cum
841 1181 958 1239 antem
979 1194 1095 1239 rever-

140 1287 202 1333 sus
214 1278 307 1334 esset
322 1271 495 1336 exereitus
511 1289 622 1354 usque
641 1271 838 1350 Remulum,
861 1275 968 1356 coepit
985 1275 1093 1357 pluri·

98 1393 104 1409 ·
140 1388 234 1433 mum
262 1369 416 1448 diminui,
443 1377 542 1454 parte
575 1373 787 1436 Francorum
816 1375 971 1438 maxima
999 1394 1093 1439 rece·

140 1468 261 1548 dente3
276 1487 422 1552 quorum
436 1470 577 1555 quidam
589 1471 779 1551 Achouem,
790 1475 930 1556 quidam
942 1474 965 1539 J
969 1494 1093 1558 oppen,

138 1569 278 1651 quidam
322 1569 454 1653 Tyrum
495 1571 538 1635 ad
577 1572 790 1637 Marcbisnm
828 1574 980 1657 dirigunt
1011 1568 1093 1639 ¹iter

139 1688 253 1736 suum.
306 1670 387 1736 Rex
411 1671 582 1737 Ricardus
604 1672 824 1738 nibilominus
841 1694 918 1739 cnm
936 1674 1092 1739 Henrico

139 1771 266 1835 comite
288 1763 515 1855 'Campaniae
541 1783 576 1838 et
600 1773 732 1855 reliquo
757 1776 922 1852 exercitu,
944 1776 1092 1841 Ascalo·

138 1888 217 1935 nem
249 1873 412 1954 perrexit.
474 1873 593 1938 Naves
625 1880 741 1936 autem
770 1875 873 1955 regis,
904 1895 981 1958 quae
1013 1895 1092 1941 cum

139 1970 348 2037 victualibus
364 1970 571 2037 Ascalonem
588 1972 787 2053 tendebant,
804 1974 984 2059 galeaque
1006 1976 1088 2040 illuc

139 2072 364 2149 transmissae,
379 2073 414 2136 vi
431 2074 660 2155 tempestatis,
680 2093 757 2138 cum
782 2076 941 2139 omnibus
960 2076 1091 2160 quaein

138 2169 190 2233 eis
212 2169 361 2248 fueram,
379 2173 564 2254 perierunt.
611 2173 691 2237 Rex
712 2174 831 2255 itaque
855 2193 991 2238 omnem
1010 2193 1237 2258 ope-nenena.

138 2288 213 2333 ram
240 2272 347 2337 muris
374 2270 558 2337 Ascalonis
581 2271 783 2354 reparandis
808 2272 984 2353 adhibuit;
1011 2244 1206 2356 pro-lidii?
1215 2245 1239 2284 ⁰¹

139 2370 225 2452 priis
254 2373 425 2449 manibus,
456 2380 496 2436 nt
519 2372 715 2455 exemplum
748 2371 847 2436 daret
873 2372 960 2447 aliis,
992 2373 1088 2437 labo·

139 2470 257 2536 raudo.
310 2472 398 2537 Cum
424 2478 494 2535 tres
524 2480 642 2554 partes
673 2471 826 2537 civitatis
850 2472 1029 2554 diligentia
1055 2481 1090 2537 et

137 2571 331 2654 sumptibus
365 2571 458 2652 regis
493 2571 636 2637 Ricardi
677 2579 924 2638 consummatae
963 2580 1090 2650 esseut,

137 2671 285 2754 contigit
301 2679 341 2735 ut
362 2691 424 2754 per
442 2671 648 2736 domesticos
666 2672 821 2736 Saladini
844 2673 938 2736 mille
952 2673 1091 2737 ducenti

139 2769 326 2836 Christiani
356 2771 487 2853 captivi
515 2791 635 2836 versus
663 2771 892 2854 Babyloniam
925 2773 1090 2836 duceren-

138 2878 207 2935 tur.
260 2870 409 2951 Quibus,
433 2889 510 2934 cum
540 2871 717 2935 venissent
745 2871 790 2935 ad
820 2879 971 2936 castrum
998 2872 1090 2954 qnod

137 2970 273 3035 Durum
303 2971 442 3046 dicitur,
467 2971 667 3054 supervenit
699 2990 778 3034 cum
811 2990 917 3036 mann
944 2972 1091 3036 militum

138 3070 249 3136 electa
265 3092 327 3136 rex
344 3070 531 3149 Ricardus,
545 3079 580 3135 et
598 3072 754 3135 excussis
777 3071 819 3135 de
835 3090 939 3135 manu
957 3071 1088 3137 Turco·

137 3190 214 3235 rum
237 3172 396 3254 captivis,
418 3170 552 3235 'l'urcos
574 3169 746 3252 fugientes
762 3171 974 3253 insequitnr3
1002 3192 1088 3255 quo·

138 3290 212 3334 rum
228 3270 385 3354 plurimis
401 3271 537 3348 occisis,
552 3264 715 3351 ³triginta
731 3272 827 3336 vivos
843 3271 885 3334 de
900 3271 1089 3354 maj0ribus

137 3369 396 3453 comprehendit
408 3390 594 3454 secumque
608 3369 815 3434 Ascalonem
830 3364 1001 3435 ‘adduxit

187 3471 282 3535 Dum
306 3478 423 3535 autem
445 3490 508 3534 rex
535 3469 680 3533 residuae
707 3470 799 3553 parti
822 3489 996 3535 murorum
1021 3470 1090 3536 As.
1103 3490 1193 3530 auena

137 3570 268 3636 caloms
313 3570 398 3634 totis
439 3571 570 3635 viribus
604 3569 809 3646 intenderet,
848 3570 1088 3654 stipendiaque
1102 3541 1227 3640 men

139 3671 283 3736 Francis
312 3670 484 3748 deessent,
516 3669 589 3733 dux
627 3668 854 3751 Burgundiae,
884 3690 986 3752 quem
1026 3691 1088 3736 rex
1102 3642 1219 3683 mm

139 3771 352 3836 Francorum
385 3770 604 3853 capitaneum
644 3789 785 3833 suorum
826 3769 1022 3851 reliquerat,
1068 3790 1090 3835 a

136 3891 218 3954 rege
242 3870 393 3936 Ricardo
419 3869 600 3953 pecuniam
627 3860 746 3934 mutuo
770 3869 837 3933 sibi
864 3870 1006 3933 concedi
1029 3890 1088 3953 pc·

137 3973 227 4037 tivit.
280 3970 347 4037 Cui
367 3990 443 4035 cum
468 3990 532 4035 rex
555 3970 727 4036 Ricardus
752 3989 821 4034 non
850 3978 1028 4047 annueret,
1047 3990 1089 4035 eo

171 4146 180 4178 ¹
196 4149 318 4212 ‘gressus
329 4146 414 4205 suus;'
426 4150 465 4200 M.
663 4146 674 4179 ⁸
691 4148 742 4196 ‘xx
751 4145 767 4207 ς’
780 4147 819 4196 Μ.
831 4151 855 4195 et
869 4145 914 4196 Ar.

170 4215 182 4248 ¹
196 4220 205 4248 ‘
217 4218 385 4282 Gampagniae
392 4213 409 4281 3'
421 4215 489 4270 ΠΛ.
664 4217 675 4249 ⁴
691 4217 814 4267 ‘deduxit
824 4212 839 4279 ;’
850 4215 897 4268 Ar.
