<?xml version="1.0" encoding="UTF-8"?>
<!DOCTYPE html PUBLIC "-//W3C//DTD XHTML 1.0 Transitional//EN"
    "http://www.w3.org/TR/xhtml1/DTD/xhtml1-transitional.dtd">
<html xmlns="http://www.w3.org/1999/xhtml" xml:lang="en" lang="en">
 <head>
  <title>
</title>
<meta http-equiv="Content-Type" content="text/html;charset=utf-8" />
  <meta name='ocr-system' content='tesseract 3.04.00' />
  <meta name='ocr-capabilities' content='ocr_page ocr_carea ocr_par ocr_line ocrx_word'/>
</head>
<body>
  <div class='ocr_page' id='page_1' title='image "./fnicholaitrivet01trivgoog_0439.png"; bbox 0 0 2896 4860; ppageno 0'>
   <div class='ocr_carea' id='block_1_1' title="bbox 329 369 924 437">
    <p class='ocr_par' dir='ltr' id='par_1_1' title="bbox 329 369 924 437">
     <span class='ocr_line' id='line_1_1' title="bbox 329 369 924 437; baseline 0.002 -2"><span class='ocrx_word' id='word_1_1' title='bbox 329 369 398 435; x_wconf 61' lang='grc' dir='ltr'><strong>«Β</strong></span> <span class='ocrx_word' id='word_1_2' title='bbox 679 389 754 437; x_wconf 83' lang='lat' dir='ltr'><strong>mc.</strong></span> <span class='ocrx_word' id='word_1_3' title='bbox 776 388 924 436; x_wconf 77' lang='lat' dir='ltr'><strong>mrm</strong></span> 
     </span>
    </p>
   </div>
   <div class='ocr_carea' id='block_1_2' title="bbox 332 546 1291 731">
    <p class='ocr_par' dir='ltr' id='par_1_2' title="bbox 332 546 1291 731">
     <span class='ocr_line' id='line_1_2' title="bbox 332 546 1289 632; baseline 0.004 -22"><span class='ocrx_word' id='word_1_4' title='bbox 332 546 1289 632; x_wconf 70' lang='lat' dir='ltr'><strong>ejus,oomerdel⁷rs‚adquemdejurebaeditario</strong></span> 
     </span>
     <span class='ocr_line' id='line_1_3' title="bbox 332 646 1291 731; baseline 0.003 -21"><span class='ocrx_word' id='word_1_5' title='bbox 332 648 514 729; x_wconf 72' lang='lat' dir='ltr'><strong>spectabat</strong></span> <span class='ocrx_word' id='word_1_6' title='bbox 543 647 609 711; x_wconf 85' lang='lat' dir='ltr'><strong>hoc</strong></span> <span class='ocrx_word' id='word_1_7' title='bbox 635 646 797 725; x_wconf 82' lang='lat' dir='ltr'><strong>officium,</strong></span> <span class='ocrx_word' id='word_1_8' title='bbox 826 660 911 713; x_wconf 88' lang='lat' dir='ltr'><strong>tuuc</strong></span> <span class='ocrx_word' id='word_1_9' title='bbox 940 650 1065 712; x_wconf 68' lang='lat' dir='ltr'><strong>elneus</strong></span> <span class='ocrx_word' id='word_1_10' title='bbox 1091 651 1291 731; x_wconf 75' lang='lat' dir='ltr'><strong>inAnglia</strong></span> 
     </span>
    </p>
   </div>
   <div class='ocr_carea' id='block_1_3' title="bbox 169 748 1288 854">
    <p class='ocr_par' dir='ltr' id='par_1_3' title="bbox 169 748 1288 854">
     <span class='ocr_line' id='line_1_4' title="bbox 169 748 1288 854; baseline 0.005 -46"><span class='ocrx_word' id='word_1_11' title='bbox 169 764 322 854; x_wconf 52' lang='lat' dir='ltr'><strong>zum</strong></span> <span class='ocrx_word' id='word_1_12' title='bbox 334 749 544 811; x_wconf 76' lang='lat' dir='ltr'><strong>morabatur.</strong></span> <span class='ocrx_word' id='word_1_13' title='bbox 626 748 731 811; x_wconf 88' lang='lat' dir='ltr'><strong>Hanc</strong></span> <span class='ocrx_word' id='word_1_14' title='bbox 767 757 884 811; x_wconf 84' lang='lat' dir='ltr'><strong>autem</strong></span> <span class='ocrx_word' id='word_1_15' title='bbox 920 750 1130 812; x_wconf 72' lang='lat' dir='ltr'><strong>comitiam</strong></span> <span class='ocrx_word' id='word_1_16' title='bbox 1160 751 1288 814; x_wconf 76' lang='lat' dir='ltr'><strong>oedem</strong></span> 
     </span>
    </p>
   </div>
   <div class='ocr_carea' id='block_1_4' title="bbox 169 848 1362 3761">
    <p class='ocr_par' dir='ltr' id='par_1_4' title="bbox 170 848 1288 1234">
     <span class='ocr_line' id='line_1_5' title="bbox 171 848 1288 955; baseline 0.004 -45"><span class='ocrx_word' id='word_1_17' title='bbox 171 865 301 955; x_wconf 58' lang='lat' dir='ltr'><strong>nm</strong></span> <span class='ocrx_word' id='word_1_18' title='bbox 333 866 425 911; x_wconf 86' lang='lat' dir='ltr'><strong>anno</strong></span> <span class='ocrx_word' id='word_1_19' title='bbox 447 849 492 911; x_wconf 87' lang='lat' dir='ltr'><strong>ab</strong></span> <span class='ocrx_word' id='word_1_20' title='bbox 508 848 668 931; x_wconf 80' lang='lat' dir='ltr'><strong>Anglicis</strong></span> <span class='ocrx_word' id='word_1_21' title='bbox 686 859 838 931; x_wconf 76' lang='lat' dir='ltr'><strong>oeptam,</strong></span> <span class='ocrx_word' id='word_1_22' title='bbox 853 868 932 911; x_wconf 85' lang='lat' dir='ltr'><strong>cum</strong></span> <span class='ocrx_word' id='word_1_23' title='bbox 954 849 1095 931; x_wconf 76' lang='lat' dir='ltr'><strong>quidam</strong></span> <span class='ocrx_word' id='word_1_24' title='bbox 1114 850 1288 932; x_wconf 84' lang='lat' dir='ltr'><strong>perimere</strong></span> 
     </span>
     <span class='ocr_line' id='line_1_6' title="bbox 170 920 1288 1056; baseline 0.004 -46"><span class='ocrx_word' id='word_1_25' title='bbox 170 920 537 1056; x_wconf 46' lang='lat' dir='ltr'><strong>{ramvoluisscnt</strong></span> <span class='ocrx_word' id='word_1_26' title='bbox 562 970 631 1012; x_wconf 94' lang='lat' dir='ltr'><strong>non</strong></span> <span class='ocrx_word' id='word_1_27' title='bbox 655 950 810 1032; x_wconf 77' lang='lat' dir='ltr'>permisit</span> <span class='ocrx_word' id='word_1_28' title='bbox 828 968 910 1028; x_wconf 68' lang='grc' dir='ltr'><strong>ηις</strong></span> <span class='ocrx_word' id='word_1_29' title='bbox 931 949 992 1012; x_wconf 86' lang='lat' dir='ltr'><strong>sed</strong></span> <span class='ocrx_word' id='word_1_30' title='bbox 1016 951 1053 1011; x_wconf 89' lang='lat' dir='ltr'><strong>in</strong></span> <span class='ocrx_word' id='word_1_31' title='bbox 1073 949 1288 1015; x_wconf 76' lang='lat' dir='ltr'><strong>domuncula</strong></span> 
     </span>
     <span class='ocr_line' id='line_1_7' title="bbox 334 1049 1288 1132; baseline 0.004 -20"><span class='ocrx_word' id='word_1_32' title='bbox 334 1049 481 1132; x_wconf 88' lang='lat' dir='ltr'><strong>quadam</strong></span> <span class='ocrx_word' id='word_1_33' title='bbox 516 1049 633 1131; x_wconf 79' lang='lat' dir='ltr'><strong>lignea</strong></span> <span class='ocrx_word' id='word_1_34' title='bbox 665 1068 771 1132; x_wconf 88' lang='lat' dir='ltr'><strong>super</strong></span> <span class='ocrx_word' id='word_1_35' title='bbox 807 1069 943 1112; x_wconf 92' lang='lat' dir='ltr'><strong>murum</strong></span> <span class='ocrx_word' id='word_1_36' title='bbox 973 1050 1080 1112; x_wconf 76' lang='lat' dir='ltr'><strong>castri</strong></span> <span class='ocrx_word' id='word_1_37' title='bbox 1113 1050 1288 1116; x_wconf 77' lang='lat' dir='ltr'><strong>Berewiei</strong></span> 
     </span>
     <span class='ocr_line' id='line_1_8' title="bbox 332 1151 1286 1234; baseline 0.003 -22"><span class='ocrx_word' id='word_1_38' title='bbox 332 1151 448 1231; x_wconf 89' lang='lat' dir='ltr'><strong>posita</strong></span> <span class='ocrx_word' id='word_1_39' title='bbox 468 1159 534 1228; x_wconf 84' lang='lat' dir='ltr'><strong>eet,</strong></span> <span class='ocrx_word' id='word_1_40' title='bbox 557 1159 596 1213; x_wconf 90' lang='lat' dir='ltr'><strong>ut</strong></span> <span class='ocrx_word' id='word_1_41' title='bbox 620 1156 764 1232; x_wconf 81' lang='lat' dir='ltr'><strong>possent</strong></span> <span class='ocrx_word' id='word_1_42' title='bbox 788 1168 865 1212; x_wconf 76' lang='lat' dir='ltr'><strong>enm</strong></span> <span class='ocrx_word' id='word_1_43' title='bbox 894 1158 1115 1214; x_wconf 76' lang='lat' dir='ltr'><strong>transeuntes</strong></span> <span class='ocrx_word' id='word_1_44' title='bbox 1141 1153 1286 1234; x_wconf 64' lang='lat' dir='ltr'><strong>conmi-</strong></span> 
     </span>
    </p>

    <p class='ocr_par' dir='ltr' id='par_1_5' title="bbox 169 1243 1287 2537">
     <span class='ocr_line' id='line_1_9' title="bbox 332 1243 433 1313; baseline 0 0"><span class='ocrx_word' id='word_1_45' title='bbox 332 1243 433 1313; x_wconf 86' lang='lat' dir='ltr'><strong>cere.¹</strong></span> 
     </span>
     <span class='ocr_line' id='line_1_10' title="bbox 382 1343 1285 1435; baseline 0.001 -20"><span class='ocrx_word' id='word_1_46' title='bbox 382 1343 481 1415; x_wconf 81' lang='lat' dir='ltr'><strong>&#39;Rex</strong></span> <span class='ocrx_word' id='word_1_47' title='bbox 498 1349 650 1432; x_wconf 79' lang='lat' dir='ltr'><strong>Augliae,</strong></span> <span class='ocrx_word' id='word_1_48' title='bbox 664 1371 743 1415; x_wconf 88' lang='lat' dir='ltr'><strong>cum</strong></span> <span class='ocrx_word' id='word_1_49' title='bbox 754 1352 828 1435; x_wconf 78' lang='lat' dir='ltr'><strong>J&#39;am</strong></span> <span class='ocrx_word' id='word_1_50' title='bbox 850 1350 933 1415; x_wconf 92' lang='lat' dir='ltr'><strong>ludo</strong></span> <span class='ocrx_word' id='word_1_51' title='bbox 949 1370 1013 1434; x_wconf 90' lang='lat' dir='ltr'><strong>per</strong></span> <span class='ocrx_word' id='word_1_52' title='bbox 1028 1351 1175 1434; x_wconf 78' lang='lat' dir='ltr'><strong>riparius</strong></span> <span class='ocrx_word' id='word_1_53' title='bbox 1190 1352 1285 1416; x_wconf 87' lang='lat' dir='ltr'><strong>Dor·</strong></span> 
     </span>
     <span class='ocr_line' id='line_1_11' title="bbox 332 1451 1287 1534; baseline 0.002 -19"><span class='ocrx_word' id='word_1_54' title='bbox 332 1451 430 1515; x_wconf 81' lang='lat' dir='ltr'><strong>setiae</strong></span> <span class='ocrx_word' id='word_1_55' title='bbox 458 1461 494 1516; x_wconf 87' lang='lat' dir='ltr'><strong>et</strong></span> <span class='ocrx_word' id='word_1_56' title='bbox 517 1452 702 1516; x_wconf 80' lang='lat' dir='ltr'><strong>comitatus</strong></span> <span class='ocrx_word' id='word_1_57' title='bbox 732 1451 958 1534; x_wconf 83' lang='lat' dir='ltr'><strong>Hamptoniae</strong></span> <span class='ocrx_word' id='word_1_58' title='bbox 991 1472 1030 1516; x_wconf 87' lang='lat' dir='ltr'><strong>se</strong></span> <span class='ocrx_word' id='word_1_59' title='bbox 1058 1453 1287 1532; x_wconf 83' lang='lat' dir='ltr'><strong>exercuisset,</strong></span> 
     </span>
     <span class='ocr_line' id='line_1_12' title="bbox 332 1549 1287 1635; baseline 0.006 -23"><span class='ocrx_word' id='word_1_60' title='bbox 332 1549 485 1616; x_wconf 74' lang='lat' dir='ltr'><strong>instante</strong></span> <span class='ocrx_word' id='word_1_61' title='bbox 521 1550 820 1634; x_wconf 79' lang='lat' dir='ltr'><strong>Quadragesimali</strong></span> <span class='ocrx_word' id='word_1_62' title='bbox 863 1560 1028 1635; x_wconf 88' lang='lat' dir='ltr'><strong>tempore,</strong></span> <span class='ocrx_word' id='word_1_63' title='bbox 1066 1553 1103 1615; x_wconf 93' lang='lat' dir='ltr'><strong>iu</strong></span> <span class='ocrx_word' id='word_1_64' title='bbox 1140 1554 1287 1618; x_wconf 81' lang='lat' dir='ltr'><strong>civitate</strong></span> 
     </span>
     <span class='ocr_line' id='line_1_13' title="bbox 334 1648 1285 1736; baseline 0.005 -23"><span class='ocrx_word' id='word_1_65' title='bbox 334 1648 524 1715; x_wconf 85' lang='lat' dir='ltr'><strong>Wintouiae</strong></span> <span class='ocrx_word' id='word_1_66' title='bbox 548 1672 587 1715; x_wconf 89' lang='lat' dir='ltr'><strong>se</strong></span> <span class='ocrx_word' id='word_1_67' title='bbox 612 1653 752 1735; x_wconf 83' lang='lat' dir='ltr'><strong>recepit</strong></span> <span class='ocrx_word' id='word_1_68' title='bbox 805 1651 875 1716; x_wconf 88' lang='lat' dir='ltr'><strong>Ubi</strong></span> <span class='ocrx_word' id='word_1_69' title='bbox 896 1651 978 1714; x_wconf 91' lang='lat' dir='ltr'><strong>dum</strong></span> <span class='ocrx_word' id='word_1_70' title='bbox 998 1651 1124 1736; x_wconf 88' lang='lat' dir='ltr'><strong>jejunii</strong></span> <span class='ocrx_word' id='word_1_71' title='bbox 1146 1662 1285 1736; x_wconf 87' lang='lat' dir='ltr'><strong>tempus</strong></span> 
     </span>
     <span class='ocr_line' id='line_1_14' title="bbox 333 1751 1286 1836; baseline 0.005 -23"><span class='ocrx_word' id='word_1_72' title='bbox 333 1751 577 1834; x_wconf 78' lang='lat' dir='ltr'><strong>transfugeret,</strong></span> <span class='ocrx_word' id='word_1_73' title='bbox 602 1760 715 1816; x_wconf 72' lang='lat' dir='ltr'><strong>cenos</strong></span> <span class='ocrx_word' id='word_1_74' title='bbox 735 1753 864 1835; x_wconf 86' lang='lat' dir='ltr'><strong>recepit</strong></span> <span class='ocrx_word' id='word_1_75' title='bbox 887 1771 1042 1815; x_wconf 88' lang='lat' dir='ltr'><strong>rumores</strong></span> <span class='ocrx_word' id='word_1_76' title='bbox 1063 1752 1106 1815; x_wconf 91' lang='lat' dir='ltr'><strong>de</strong></span> <span class='ocrx_word' id='word_1_77' title='bbox 1130 1753 1186 1829; x_wconf 87' lang='lat' dir='ltr'><strong>iis,</strong></span> <span class='ocrx_word' id='word_1_78' title='bbox 1202 1773 1286 1836; x_wconf 84' lang='lat' dir='ltr'><strong>quae</strong></span> 
     </span>
     <span class='ocr_line' id='line_1_15' title="bbox 332 1851 1285 1935; baseline 0.005 -21"><span class='ocrx_word' id='word_1_79' title='bbox 332 1858 433 1931; x_wconf 77' lang='lat' dir='ltr'><strong>gesta</strong></span> <span class='ocrx_word' id='word_1_80' title='bbox 458 1853 590 1915; x_wconf 91' lang='lat' dir='ltr'><strong>suntin</strong></span> <span class='ocrx_word' id='word_1_81' title='bbox 614 1851 744 1928; x_wconf 71' lang='lat' dir='ltr'><strong>Saone,</strong></span> <span class='ocrx_word' id='word_1_82' title='bbox 762 1853 798 1916; x_wconf 90' lang='lat' dir='ltr'><strong>in</strong></span> <span class='ocrx_word' id='word_1_83' title='bbox 820 1852 1058 1935; x_wconf 73' lang='lat' dir='ltr'><strong>praejudicium</strong></span> <span class='ocrx_word' id='word_1_84' title='bbox 1080 1872 1153 1916; x_wconf 85' lang='lat' dir='ltr'><strong>suae</strong></span> <span class='ocrx_word' id='word_1_85' title='bbox 1175 1855 1285 1935; x_wconf 76' lang='lat' dir='ltr'><strong>regiae</strong></span> 
     </span>
     <span class='ocr_line' id='line_1_16' title="bbox 170 1950 1285 2057; baseline 0.001 -39"><span class='ocrx_word' id='word_1_86' title='bbox 170 1966 279 2057; x_wconf 54' lang='lat' dir='ltr'><strong>mm</strong></span> <span class='ocrx_word' id='word_1_87' title='bbox 333 1950 538 2035; x_wconf 80' lang='lat' dir='ltr'><strong>majestatis.</strong></span> <span class='ocrx_word' id='word_1_88' title='bbox 590 1951 727 2017; x_wconf 85' lang='lat' dir='ltr'><strong>Vocato</strong></span> <span class='ocrx_word' id='word_1_89' title='bbox 752 1953 859 2034; x_wconf 80' lang='lat' dir='ltr'><strong>igitur</strong></span> <span class='ocrx_word' id='word_1_90' title='bbox 875 1951 947 2015; x_wconf 86' lang='lat' dir='ltr'><strong>tilio</strong></span> <span class='ocrx_word' id='word_1_91' title='bbox 968 1971 1033 2016; x_wconf 88' lang='lat' dir='ltr'><strong>suo</strong></span> <span class='ocrx_word' id='word_1_92' title='bbox 1051 1952 1224 2018; x_wconf 72' lang='lat' dir='ltr'><strong>Eduardo</strong></span> <span class='ocrx_word' id='word_1_93' title='bbox 1246 1955 1285 2019; x_wconf 92' lang='lat' dir='ltr'><strong>in</strong></span> 
     </span>
     <span class='ocr_line' id='line_1_17' title="bbox 169 2049 1284 2136; baseline 0.012 -30"><span class='ocrx_word' id='word_1_94' title='bbox 169 2069 281 2108; x_wconf 61' lang='lat' dir='ltr'><strong>aaa»</strong></span> <span class='ocrx_word' id='word_1_95' title='bbox 333 2049 504 2116; x_wconf 87' lang='lat' dir='ltr'><strong>Paschale</strong></span> <span class='ocrx_word' id='word_1_96' title='bbox 530 2071 688 2134; x_wconf 83' lang='lat' dir='ltr'><strong>sequens,</strong></span> <span class='ocrx_word' id='word_1_97' title='bbox 715 2073 757 2117; x_wconf 87' lang='lat' dir='ltr'><strong>ac</strong></span> <span class='ocrx_word' id='word_1_98' title='bbox 783 2052 971 2136; x_wconf 89' lang='lat' dir='ltr'><strong>majoribus</strong></span> <span class='ocrx_word' id='word_1_99' title='bbox 992 2050 1144 2134; x_wconf 79' lang='lat' dir='ltr'><strong>Angliae,</strong></span> <span class='ocrx_word' id='word_1_100' title='bbox 1169 2062 1284 2119; x_wconf 86' lang='lat' dir='ltr'><strong>terras</strong></span> 
     </span>
     <span class='ocr_line' id='line_1_18' title="bbox 169 2119 1283 2234; baseline 0.01 -25"><span class='ocrx_word' id='word_1_101' title='bbox 169 2119 316 2211; x_wconf 49' lang='lat' dir='ltr'><strong>ss&#39;riin&#39;z&#39;a</strong></span> <span class='ocrx_word' id='word_1_102' title='bbox 333 2151 512 2217; x_wconf 85' lang='lat' dir='ltr'><strong>Vascones</strong></span> <span class='ocrx_word' id='word_1_103' title='bbox 534 2153 643 2217; x_wconf 88' lang='lat' dir='ltr'><strong>eidem</strong></span> <span class='ocrx_word' id='word_1_104' title='bbox 666 2172 711 2216; x_wconf 82' lang='lat' dir='ltr'><strong>ex</strong></span> <span class='ocrx_word' id='word_1_105' title='bbox 733 2153 870 2234; x_wconf 78' lang='lat' dir='ltr'><strong>integro</strong></span> <span class='ocrx_word' id='word_1_106' title='bbox 891 2152 1045 2216; x_wconf 82' lang='lat' dir='ltr'><strong>contulit·</strong></span> <span class='ocrx_word' id='word_1_107' title='bbox 1060 2161 1096 2216; x_wconf 90' lang='lat' dir='ltr'><strong>et</strong></span> <span class='ocrx_word' id='word_1_108' title='bbox 1116 2153 1283 2231; x_wconf 81' lang='lat' dir='ltr'><strong>donavit3</strong></span> 
     </span>
     <span class='ocr_line' id='line_1_19' title="bbox 331 2251 1286 2335; baseline 0.002 -18"><span class='ocrx_word' id='word_1_109' title='bbox 331 2253 555 2335; x_wconf 72' lang='lat' dir='ltr'><strong>praeconizari</strong></span> <span class='ocrx_word' id='word_1_110' title='bbox 573 2254 676 2317; x_wconf 88' lang='lat' dir='ltr'><strong>etiam</strong></span> <span class='ocrx_word' id='word_1_111' title='bbox 699 2252 918 2317; x_wconf 89' lang='lat' dir='ltr'><strong>nihilominus</strong></span> <span class='ocrx_word' id='word_1_112' title='bbox 934 2251 1025 2329; x_wconf 81' lang='lat' dir='ltr'><strong>fecit,</strong></span> <span class='ocrx_word' id='word_1_113' title='bbox 1042 2253 1135 2335; x_wconf 90' lang='lat' dir='ltr'><strong>quod</strong></span> <span class='ocrx_word' id='word_1_114' title='bbox 1150 2273 1286 2335; x_wconf 86' lang='lat' dir='ltr'><strong>omues,</strong></span> 
     </span>
     <span class='ocr_line' id='line_1_20' title="bbox 333 2352 1285 2438; baseline 0.005 -22"><span class='ocrx_word' id='word_1_115' title='bbox 333 2353 489 2417; x_wconf 83' lang='lat' dir='ltr'><strong>volentes</strong></span> <span class='ocrx_word' id='word_1_116' title='bbox 519 2373 589 2417; x_wconf 92' lang='lat' dir='ltr'><strong>uua</strong></span> <span class='ocrx_word' id='word_1_117' title='bbox 615 2372 693 2417; x_wconf 92' lang='lat' dir='ltr'><strong>cum</strong></span> <span class='ocrx_word' id='word_1_118' title='bbox 723 2353 794 2417; x_wconf 88' lang='lat' dir='ltr'><strong>filio</strong></span> <span class='ocrx_word' id='word_1_119' title='bbox 824 2371 889 2416; x_wconf 89' lang='lat' dir='ltr'><strong>suo</strong></span> <span class='ocrx_word' id='word_1_120' title='bbox 920 2352 1100 2417; x_wconf 88' lang='lat' dir='ltr'><strong>militarem</strong></span> <span class='ocrx_word' id='word_1_121' title='bbox 1129 2355 1285 2438; x_wconf 83' lang='lat' dir='ltr'><strong>recipere</strong></span> 
     </span>
     <span class='ocr_line' id='line_1_21' title="bbox 332 2453 1285 2537; baseline 0.007 -22"><span class='ocrx_word' id='word_1_122' title='bbox 332 2453 497 2532; x_wconf 85' lang='lat' dir='ltr'><strong>ordinem,</strong></span> <span class='ocrx_word' id='word_1_123' title='bbox 512 2455 677 2537; x_wconf 83' lang='lat' dir='ltr'><strong>impensis</strong></span> <span class='ocrx_word' id='word_1_124' title='bbox 692 2454 853 2537; x_wconf 85' lang='lat' dir='ltr'><strong>propriis,</strong></span> <span class='ocrx_word' id='word_1_125' title='bbox 868 2453 903 2516; x_wconf 92' lang='lat' dir='ltr'><strong>in</strong></span> <span class='ocrx_word' id='word_1_126' title='bbox 918 2454 1076 2517; x_wconf 84' lang='lat' dir='ltr'><strong>omnibus</strong></span> <span class='ocrx_word' id='word_1_127' title='bbox 1092 2454 1285 2522; x_wconf 85' lang='lat' dir='ltr'><strong>exhiberet.</strong></span> 
     </span>
    </p>

    <p class='ocr_par' dir='ltr' id='par_1_6' title="bbox 240 2551 1362 2620">
     <span class='ocr_line' id='line_1_22' title="bbox 240 2551 1362 2620; baseline 0.004 -4"><span class='ocrx_word' id='word_1_128' title='bbox 240 2577 270 2608; x_wconf 75' lang='lat' dir='ltr'><strong>no</strong></span> <span class='ocrx_word' id='word_1_129' title='bbox 333 2551 420 2618; x_wconf 87' lang='lat' dir='ltr'><strong>Post</strong></span> <span class='ocrx_word' id='word_1_130' title='bbox 438 2553 575 2618; x_wconf 85' lang='lat' dir='ltr'><strong>Pascha</strong></span> <span class='ocrx_word' id='word_1_131' title='bbox 591 2555 700 2619; x_wconf 83' lang='lat' dir='ltr'><strong>movit</strong></span> <span class='ocrx_word' id='word_1_132' title='bbox 716 2574 754 2618; x_wconf 91' lang='lat' dir='ltr'><strong>se</strong></span> <span class='ocrx_word' id='word_1_133' title='bbox 772 2573 832 2617; x_wconf 84' lang='lat' dir='ltr'><strong>rex</strong></span> <span class='ocrx_word' id='word_1_134' title='bbox 852 2573 972 2616; x_wconf 85' lang='lat' dir='ltr'><strong>versus</strong></span> <span class='ocrx_word' id='word_1_135' title='bbox 991 2552 1188 2618; x_wconf 74' lang='lat' dir='ltr'><strong>londonias</strong></span> <span class='ocrx_word' id='word_1_136' title='bbox 1205 2576 1286 2620; x_wconf 89' lang='lat' dir='ltr'><strong>cur·</strong></span> <span class='ocrx_word' id='word_1_137' title='bbox 1357 2602 1362 2607; x_wconf 93' lang='lat'><em>-</em></span> 
     </span>
    </p>

    <p class='ocr_par' dir='ltr' id='par_1_7' title="bbox 181 2629 1286 3761">
     <span class='ocr_line' id='line_1_23' title="bbox 219 2629 1286 2737; baseline 0.006 -21"><span class='ocrx_word' id='word_1_138' title='bbox 219 2629 258 2716; x_wconf 65' lang='lat' dir='ltr'><strong>“a</strong></span> <span class='ocrx_word' id='word_1_139' title='bbox 332 2654 485 2732; x_wconf 76' lang='lat' dir='ltr'><strong>ricaudo,</strong></span> <span class='ocrx_word' id='word_1_140' title='bbox 511 2656 594 2737; x_wconf 85' lang='lat' dir='ltr'><strong>quia</strong></span> <span class='ocrx_word' id='word_1_141' title='bbox 623 2655 667 2718; x_wconf 91' lang='lat' dir='ltr'><strong>ob</strong></span> <span class='ocrx_word' id='word_1_142' title='bbox 692 2654 938 2731; x_wconf 81' lang='lat' dir='ltr'><strong>infirmitatem,</strong></span> <span class='ocrx_word' id='word_1_143' title='bbox 965 2672 1067 2737; x_wconf 90' lang='lat' dir='ltr'><strong>quam</strong></span> <span class='ocrx_word' id='word_1_144' title='bbox 1098 2654 1220 2720; x_wconf 88' lang='lat' dir='ltr'><strong>habuit</strong></span> <span class='ocrx_word' id='word_1_145' title='bbox 1247 2658 1286 2722; x_wconf 93' lang='lat' dir='ltr'><strong>in</strong></span> 
     </span>
     <span class='ocr_line' id='line_1_24' title="bbox 333 2753 1284 2838; baseline 0.006 -22"><span class='ocrx_word' id='word_1_146' title='bbox 333 2754 437 2832; x_wconf 89' lang='lat' dir='ltr'><strong>tibiis,</strong></span> <span class='ocrx_word' id='word_1_147' title='bbox 455 2775 523 2819; x_wconf 90' lang='lat' dir='ltr'><strong>non</strong></span> <span class='ocrx_word' id='word_1_148' title='bbox 541 2754 655 2838; x_wconf 90' lang='lat' dir='ltr'><strong>potuit</strong></span> <span class='ocrx_word' id='word_1_149' title='bbox 670 2756 836 2838; x_wconf 87' lang='lat' dir='ltr'><strong>equitare.</strong></span> <span class='ocrx_word' id='word_1_150' title='bbox 890 2753 932 2817; x_wconf 93' lang='lat' dir='ltr'><strong>ln</strong></span> <span class='ocrx_word' id='word_1_151' title='bbox 949 2753 1037 2819; x_wconf 86' lang='lat' dir='ltr'><strong>festo</strong></span> <span class='ocrx_word' id='word_1_152' title='bbox 1058 2754 1167 2836; x_wconf 83' lang='lat' dir='ltr'><strong>igitur</strong></span> <span class='ocrx_word' id='word_1_153' title='bbox 1189 2756 1284 2822; x_wconf 90' lang='lat' dir='ltr'><strong>Pen-</strong></span> 
     </span>
     <span class='ocr_line' id='line_1_25' title="bbox 331 2854 1285 2937; baseline 0.005 -19"><span class='ocrx_word' id='word_1_154' title='bbox 331 2861 481 2922; x_wconf 86' lang='lat' dir='ltr'><strong>tecostes</strong></span> <span class='ocrx_word' id='word_1_155' title='bbox 499 2875 560 2919; x_wconf 83' lang='lat' dir='ltr'><strong>rex</strong></span> <span class='ocrx_word' id='word_1_156' title='bbox 577 2855 684 2918; x_wconf 88' lang='lat' dir='ltr'><strong>filium</strong></span> <span class='ocrx_word' id='word_1_157' title='bbox 701 2875 801 2919; x_wconf 85' lang='lat' dir='ltr'><strong>suum</strong></span> <span class='ocrx_word' id='word_1_158' title='bbox 817 2854 921 2918; x_wconf 89' lang='lat' dir='ltr'><strong>armis</strong></span> <span class='ocrx_word' id='word_1_159' title='bbox 939 2854 1144 2919; x_wconf 88' lang='lat' dir='ltr'><strong>militaribus</strong></span> <span class='ocrx_word' id='word_1_160' title='bbox 1159 2857 1285 2937; x_wconf 82' lang='lat' dir='ltr'><strong>cinxit,</strong></span> 
     </span>
     <span class='ocr_line' id='line_1_26' title="bbox 331 2954 1284 3037; baseline 0.003 -18"><span class='ocrx_word' id='word_1_161' title='bbox 331 2962 367 3019; x_wconf 87' lang='lat' dir='ltr'><strong>et</strong></span> <span class='ocrx_word' id='word_1_162' title='bbox 403 2976 480 3019; x_wconf 90' lang='lat' dir='ltr'><strong>cum</strong></span> <span class='ocrx_word' id='word_1_163' title='bbox 525 2976 567 3020; x_wconf 90' lang='lat' dir='ltr'><strong>co</strong></span> <span class='ocrx_word' id='word_1_164' title='bbox 598 2956 741 3019; x_wconf 89' lang='lat' dir='ltr'><strong>comites</strong></span> <span class='ocrx_word' id='word_1_165' title='bbox 773 2954 971 3019; x_wconf 85' lang='lat' dir='ltr'><strong>Warenniae</strong></span> <span class='ocrx_word' id='word_1_166' title='bbox 1004 2963 1040 3019; x_wconf 87' lang='lat' dir='ltr'><strong>et</strong></span> <span class='ocrx_word' id='word_1_167' title='bbox 1069 2954 1284 3037; x_wconf 84' lang='lat' dir='ltr'><strong>Arundeliae,</strong></span> 
     </span>
     <span class='ocr_line' id='line_1_27' title="bbox 332 3054 1284 3139; baseline 0.007 -22"><span class='ocrx_word' id='word_1_168' title='bbox 332 3055 498 3138; x_wconf 84' lang='lat' dir='ltr'><strong>aliosque,</strong></span> <span class='ocrx_word' id='word_1_169' title='bbox 516 3075 660 3138; x_wconf 90' lang='lat' dir='ltr'><strong>quorum</strong></span> <span class='ocrx_word' id='word_1_170' title='bbox 688 3075 850 3120; x_wconf 89' lang='lat' dir='ltr'><strong>numerus</strong></span> <span class='ocrx_word' id='word_1_171' title='bbox 880 3054 1046 3120; x_wconf 90' lang='lat' dir='ltr'><strong>ducentos</strong></span> <span class='ocrx_word' id='word_1_172' title='bbox 1072 3065 1107 3120; x_wconf 93' lang='lat' dir='ltr'><strong>et</strong></span> <span class='ocrx_word' id='word_1_173' title='bbox 1132 3059 1284 3139; x_wconf 83' lang='lat' dir='ltr'><strong>quadra-</strong></span> 
     </span>
     <span class='ocr_line' id='line_1_28' title="bbox 331 3155 1283 3235; baseline 0.005 -17"><span class='ocrx_word' id='word_1_174' title='bbox 331 3156 430 3235; x_wconf 80' lang='lat' dir='ltr'><strong>ginta</strong></span> <span class='ocrx_word' id='word_1_175' title='bbox 451 3155 576 3219; x_wconf 89' lang='lat' dir='ltr'><strong>dicitur</strong></span> <span class='ocrx_word' id='word_1_176' title='bbox 594 3156 795 3220; x_wconf 88' lang='lat' dir='ltr'><strong>excessisse.</strong></span> <span class='ocrx_word' id='word_1_177' title='bbox 849 3155 980 3219; x_wconf 87' lang='lat' dir='ltr'><strong>Eodem</strong></span> <span class='ocrx_word' id='word_1_178' title='bbox 997 3157 1052 3220; x_wconf 88' lang='lat' dir='ltr'><strong>die</strong></span> <span class='ocrx_word' id='word_1_179' title='bbox 1074 3176 1150 3220; x_wconf 90' lang='lat' dir='ltr'><strong>cum</strong></span> <span class='ocrx_word' id='word_1_180' title='bbox 1176 3159 1283 3223; x_wconf 86' lang='lat' dir='ltr'><strong>sedis·</strong></span> 
     </span>
     <span class='ocr_line' id='line_1_29' title="bbox 331 3256 1283 3338; baseline 0.008 -21"><span class='ocrx_word' id='word_1_181' title='bbox 331 3263 384 3319; x_wconf 90' lang='lat' dir='ltr'><strong>set</strong></span> <span class='ocrx_word' id='word_1_182' title='bbox 408 3275 469 3318; x_wconf 78' lang='lat' dir='ltr'><strong>rex</strong></span> <span class='ocrx_word' id='word_1_183' title='bbox 497 3257 532 3319; x_wconf 91' lang='lat' dir='ltr'><strong>in</strong></span> <span class='ocrx_word' id='word_1_184' title='bbox 562 3275 692 3333; x_wconf 89' lang='lat' dir='ltr'><strong>mensa,</strong></span> <span class='ocrx_word' id='word_1_185' title='bbox 721 3257 820 3322; x_wconf 87' lang='lat' dir='ltr'><strong>novis</strong></span> <span class='ocrx_word' id='word_1_186' title='bbox 846 3256 1011 3320; x_wconf 91' lang='lat' dir='ltr'><strong>militibus</strong></span> <span class='ocrx_word' id='word_1_187' title='bbox 1037 3258 1283 3338; x_wconf 71' lang='lat' dir='ltr'><strong>circumdatur»,</strong></span> 
     </span>
     <span class='ocr_line' id='line_1_30' title="bbox 331 3355 1280 3441; baseline 0.008 -25"><span class='ocrx_word' id='word_1_188' title='bbox 331 3355 487 3437; x_wconf 81' lang='lat' dir='ltr'><strong>ingressa</strong></span> <span class='ocrx_word' id='word_1_189' title='bbox 517 3357 811 3421; x_wconf 84' lang='lat' dir='ltr'><strong>menestrellorum</strong></span> <span class='ocrx_word' id='word_1_190' title='bbox 843 3356 1039 3434; x_wconf 90' lang='lat' dir='ltr'><strong>multitudo,</strong></span> <span class='ocrx_word' id='word_1_191' title='bbox 1069 3361 1280 3441; x_wconf 86' lang='lat' dir='ltr'><strong>portantium</strong></span> 
     </span>
     <span class='ocr_line' id='line_1_31' title="bbox 330 3456 1281 3543; baseline 0.007 -24"><span class='ocrx_word' id='word_1_192' title='bbox 330 3457 512 3539; x_wconf 88' lang='lat' dir='ltr'><strong>multiplici</strong></span> <span class='ocrx_word' id='word_1_193' title='bbox 539 3465 661 3521; x_wconf 89' lang='lat' dir='ltr'><strong>ornatu</strong></span> <span class='ocrx_word' id='word_1_194' title='bbox 690 3458 864 3532; x_wconf 85' lang='lat' dir='ltr'><strong>amictum,</strong></span> <span class='ocrx_word' id='word_1_195' title='bbox 892 3465 930 3521; x_wconf 90' lang='lat' dir='ltr'><strong>ut</strong></span> <span class='ocrx_word' id='word_1_196' title='bbox 955 3456 1081 3522; x_wconf 88' lang='lat' dir='ltr'><strong>milites</strong></span> <span class='ocrx_word' id='word_1_197' title='bbox 1107 3460 1281 3543; x_wconf 80' lang='lat' dir='ltr'><strong>praecipue</strong></span> 
     </span>
     <span class='ocr_line' id='line_1_32' title="bbox 331 3556 1282 3626; baseline 0.007 -7"><span class='ocrx_word' id='word_1_198' title='bbox 331 3577 439 3621; x_wconf 85' lang='lat' dir='ltr'><strong>novos</strong></span> <span class='ocrx_word' id='word_1_199' title='bbox 480 3558 668 3622; x_wconf 85' lang='lat' dir='ltr'><strong>invitarent</strong></span> <span class='ocrx_word' id='word_1_200' title='bbox 706 3567 741 3621; x_wconf 86' lang='lat' dir='ltr'><strong>ct</strong></span> <span class='ocrx_word' id='word_1_201' title='bbox 772 3556 975 3621; x_wconf 88' lang='lat' dir='ltr'><strong>inducerent</strong></span> <span class='ocrx_word' id='word_1_202' title='bbox 1010 3558 1052 3621; x_wconf 92' lang='lat' dir='ltr'><strong>ad</strong></span> <span class='ocrx_word' id='word_1_203' title='bbox 1086 3560 1282 3626; x_wconf 89' lang='lat' dir='ltr'><strong>vovendum</strong></span> 
     </span>
     <span class='ocr_line' id='line_1_33' title="bbox 181 3657 1282 3761; baseline 0.006 -41"><span class='ocrx_word' id='word_1_204' title='bbox 181 3733 194 3761; x_wconf 57' lang='lat'>⁰</span> <span class='ocrx_word' id='word_1_205' title='bbox 218 3684 266 3761; x_wconf 55' lang='lat'><strong>2·-</strong></span> <span class='ocrx_word' id='word_1_206' title='bbox 328 3657 456 3721; x_wconf 83' lang='lat' dir='ltr'><strong>factum</strong></span> <span class='ocrx_word' id='word_1_207' title='bbox 474 3677 644 3721; x_wconf 84' lang='lat' dir='ltr'><strong>armorum</strong></span> <span class='ocrx_word' id='word_1_208' title='bbox 664 3657 802 3740; x_wconf 84' lang='lat' dir='ltr'><strong>aliquod</strong></span> <span class='ocrx_word' id='word_1_209' title='bbox 821 3677 935 3722; x_wconf 88' lang='lat' dir='ltr'><strong>coram</strong></span> <span class='ocrx_word' id='word_1_210' title='bbox 955 3658 1066 3739; x_wconf 86' lang='lat' dir='ltr'><strong>signo.</strong></span> <span class='ocrx_word' id='word_1_211' title='bbox 1119 3659 1229 3726; x_wconf 86' lang='lat' dir='ltr'><strong>Vovit</strong></span> <span class='ocrx_word' id='word_1_212' title='bbox 1247 3671 1282 3727; x_wconf 93' lang='lat' dir='ltr'><strong>et</strong></span> 
     </span>
    </p>
   </div>
   <div class='ocr_carea' id='block_1_5' title="bbox 328 3739 1281 3843">
    <p class='ocr_par' dir='ltr' id='par_1_8' title="bbox 328 3739 1281 3843">
     <span class='ocr_line' id='line_1_34' title="bbox 328 3739 1281 3843; baseline 0.006 -23"><span class='ocrx_word' id='word_1_213' title='bbox 328 3758 494 3840; x_wconf 85' lang='lat' dir='ltr'><strong>imprimis</strong></span> <span class='ocrx_word' id='word_1_214' title='bbox 520 3778 581 3822; x_wconf 87' lang='lat' dir='ltr'><strong>rex</strong></span> <span class='ocrx_word' id='word_1_215' title='bbox 615 3758 701 3841; x_wconf 89' lang='lat' dir='ltr'><strong>ipse,</strong></span> <span class='ocrx_word' id='word_1_216' title='bbox 727 3758 819 3840; x_wconf 90' lang='lat' dir='ltr'><strong>quod</strong></span> <span class='ocrx_word' id='word_1_217' title='bbox 850 3739 1035 3823; x_wconf 84' lang='lat' dir='ltr'><strong>vindictam</strong></span> <span class='ocrx_word' id='word_1_218' title='bbox 1064 3761 1211 3843; x_wconf 86' lang='lat' dir='ltr'><strong>accipiet</strong></span> <span class='ocrx_word' id='word_1_219' title='bbox 1237 3763 1281 3826; x_wconf 92' lang='lat' dir='ltr'><strong>de</strong></span> 
     </span>
    </p>
   </div>
   <div class='ocr_carea' id='block_1_6' title="bbox 164 3834 1279 3942">
    <p class='ocr_par' dir='ltr' id='par_1_9' title="bbox 164 3834 1279 3942">
     <span class='ocr_line' id='line_1_35' title="bbox 164 3834 1279 3942; baseline 0.011 -27"><span class='ocrx_word' id='word_1_220' title='bbox 164 3834 239 3922; x_wconf 61' lang='grc' dir='ltr'><strong>’ὦὲἶῖ</strong></span> <span class='ocrx_word' id='word_1_221' title='bbox 326 3866 526 3941; x_wconf 88' lang='lat' dir='ltr'><strong>contemptu</strong></span> <span class='ocrx_word' id='word_1_222' title='bbox 550 3859 648 3922; x_wconf 86' lang='lat' dir='ltr'><strong>illato</strong></span> <span class='ocrx_word' id='word_1_223' title='bbox 675 3858 754 3922; x_wconf 77' lang='lat' dir='ltr'><strong>Duo</strong></span> <span class='ocrx_word' id='word_1_224' title='bbox 775 3867 811 3923; x_wconf 91' lang='lat' dir='ltr'><strong>et</strong></span> <span class='ocrx_word' id='word_1_225' title='bbox 829 3859 982 3923; x_wconf 82' lang='lat' dir='ltr'><strong>ecclesiae</strong></span> <span class='ocrx_word' id='word_1_226' title='bbox 1006 3879 1067 3942; x_wconf 91' lang='lat' dir='ltr'><strong>per</strong></span> <span class='ocrx_word' id='word_1_227' title='bbox 1088 3859 1279 3927; x_wconf 88' lang='lat' dir='ltr'><strong>Robertum</strong></span> 
     </span>
    </p>
   </div>
   <div class='ocr_carea' id='block_1_7' title="bbox 325 4054 1282 4266">
    <p class='ocr_par' dir='ltr' id='par_1_10' title="bbox 325 4054 1282 4266">
     <span class='ocr_line' id='line_1_36' title="bbox 362 4054 1282 4131; baseline 0.007 -21"><span class='ocrx_word' id='word_1_228' title='bbox 362 4059 368 4088; x_wconf 93' lang='lat'>¹</span> <span class='ocrx_word' id='word_1_229' title='bbox 384 4063 428 4111; x_wconf 85' lang='lat' dir='ltr'><strong>‘iu</strong></span> <span class='ocrx_word' id='word_1_230' title='bbox 448 4062 553 4123; x_wconf 72' lang='lat' dir='ltr'><strong>tristega</strong></span> <span class='ocrx_word' id='word_1_231' title='bbox 573 4062 658 4124; x_wconf 79' lang='lat' dir='ltr'><strong>lignea</strong></span> <span class='ocrx_word' id='word_1_232' title='bbox 682 4062 741 4124; x_wconf 83' lang='lat' dir='ltr'><strong>fixa,</strong></span> <span class='ocrx_word' id='word_1_233' title='bbox 760 4067 789 4110; x_wconf 91' lang='lat' dir='ltr'><strong>ut</strong></span> <span class='ocrx_word' id='word_1_234' title='bbox 850 4059 860 4088; x_wconf 84' lang='lat'>²</span> <span class='ocrx_word' id='word_1_235' title='bbox 876 4061 930 4110; x_wconf 89' lang='lat' dir='ltr'><strong>The</strong></span> <span class='ocrx_word' id='word_1_236' title='bbox 944 4060 1029 4111; x_wconf 85' lang='lat' dir='ltr'><strong>whole</strong></span> <span class='ocrx_word' id='word_1_237' title='bbox 1044 4054 1078 4110; x_wconf 66' lang='grc' dir='ltr'><strong>οἷ’</strong></span> <span class='ocrx_word' id='word_1_238' title='bbox 1087 4063 1129 4112; x_wconf 87' lang='lat' dir='ltr'><strong>the</strong></span> <span class='ocrx_word' id='word_1_239' title='bbox 1150 4063 1282 4131; x_wconf 78' lang='lat' dir='ltr'><strong>following</strong></span> 
     </span>
     <span class='ocr_line' id='line_1_37' title="bbox 325 4132 1280 4195; baseline 0.007 -15"><span class='ocrx_word' id='word_1_240' title='bbox 325 4133 362 4180; x_wconf 82' lang='lat' dir='ltr'><strong>ric</strong></span> <span class='ocrx_word' id='word_1_241' title='bbox 374 4148 390 4181; x_wconf 89' lang='lat' dir='ltr'><strong>a</strong></span> <span class='ocrx_word' id='word_1_242' title='bbox 401 4133 589 4181; x_wconf 79' lang='lat' dir='ltr'><strong>transcuntibus</strong></span> <span class='ocrx_word' id='word_1_243' title='bbox 603 4132 684 4181; x_wconf 85' lang='lat' dir='ltr'><strong>videri</strong></span> <span class='ocrx_word' id='word_1_244' title='bbox 702 4138 788 4194; x_wconf 80' lang='lat' dir='ltr'><strong>posset</strong></span> <span class='ocrx_word' id='word_1_245' title='bbox 813 4133 967 4195; x_wconf 79' lang='lat' dir='ltr'><strong>paragraph,</strong></span> <span class='ocrx_word' id='word_1_246' title='bbox 979 4137 1004 4180; x_wconf 93' lang='lat' dir='ltr'><strong>to</strong></span> <span class='ocrx_word' id='word_1_247' title='bbox 1025 4134 1032 4159; x_wconf 92' lang='lat'>‘</span> <span class='ocrx_word' id='word_1_248' title='bbox 1046 4133 1191 4184; x_wconf 80' lang='lat' dir='ltr'><strong>Edwardus</strong></span> <span class='ocrx_word' id='word_1_249' title='bbox 1210 4137 1280 4188; x_wconf 81' lang='lat' dir='ltr'><strong>filius</strong></span> 
     </span>
     <span class='ocr_line' id='line_1_38' title="bbox 325 4197 1241 4266; baseline 0.007 -15"><span class='ocrx_word' id='word_1_250' title='bbox 325 4207 350 4251; x_wconf 79' lang='lat' dir='ltr'><strong>et</strong></span> <span class='ocrx_word' id='word_1_251' title='bbox 363 4204 480 4266; x_wconf 72' lang='lat' dir='ltr'><strong>cognosci</strong></span> <span class='ocrx_word' id='word_1_252' title='bbox 489 4197 506 4262; x_wconf 90' lang='lat'><strong>;&#39;</strong></span> <span class='ocrx_word' id='word_1_253' title='bbox 519 4201 596 4253; x_wconf 86' lang='lat' dir='ltr'><strong>Hem.</strong></span> <span class='ocrx_word' id='word_1_254' title='bbox 607 4207 665 4254; x_wconf 77' lang='lat'>221.</span> <span class='ocrx_word' id='word_1_255' title='bbox 814 4204 881 4265; x_wconf 78' lang='lat' dir='ltr'><strong>regis</strong></span> <span class='ocrx_word' id='word_1_256' title='bbox 892 4198 1011 4266; x_wconf 72' lang='lat' dir='ltr'><strong>Angliae,&#39;</strong></span> <span class='ocrx_word' id='word_1_257' title='bbox 1021 4205 1045 4254; x_wconf 81' lang='lat' dir='ltr'><strong>ia</strong></span> <span class='ocrx_word' id='word_1_258' title='bbox 1055 4203 1118 4254; x_wconf 81' lang='lat' dir='ltr'><strong>from</strong></span> <span class='ocrx_word' id='word_1_259' title='bbox 1132 4206 1193 4256; x_wconf 73' lang='lat' dir='ltr'><strong>eod.</strong></span> <span class='ocrx_word' id='word_1_260' title='bbox 1202 4208 1241 4258; x_wconf 78' lang='lat' dir='ltr'><strong>M.</strong></span> 
     </span>
    </p>
   </div>
   <div class='ocr_carea' id='block_1_8' title="bbox 0 0 1452 4860">
    <p class='ocr_par' dir='ltr' id='par_1_11' title="bbox 0 0 1452 4860">
     <span class='ocr_line' id='line_1_39' title="bbox 0 0 1452 4860; baseline 0 3"><span class='ocrx_word' id='word_1_261' title='bbox 0 0 1452 4860; x_wconf 95' lang='lat' dir='ltr'><strong> </strong></span> 
     </span>
    </p>
   </div>
  </div>
 </body>
</html>
