2896 4860
347 380 414 444 330
700 395 773 443 rue.
799 393 948 442 rnrvmr

348 573 409 635 per
428 573 488 617 eas
513 550 735 628 concordata,
759 552 794 615 in
820 551 985 616 fidelitate
1011 551 1107 632 regia
1126 571 1164 615 so
1189 551 1299 615 adim·

348 654 519 736 pleturum
556 653 753 736 spopondit.
828 651 986 735 Moxque
1015 651 1114 716 miles
1147 651 1299 735 quidam,

348 755 486 819 nomine
504 753 684 818 Galsridus
706 753 748 817 de
766 751 968 834 Langeleia,
984 752 1027 816 de
1052 752 1185 816 familia
1212 753 1301 817 Ead-

348 855 466 918 mundi
496 855 614 919 fratris
642 853 735 936 regis
767 852 918 934 Angliae,
947 873 1026 917 curn
1052 852 1177 918 litteris
1207 855 1300 936 regis

350 955 564 1020 Francorum
591 954 836 1019 revocantibus
863 952 1158 1018 constabularium
1189 954 1298 1018 Fran·

347 1056 421 1134 ciae,
444 1057 604 1139 quicum
628 1055 785 1119 exercitu
810 1054 986 1136 prefectus
1010 1054 1122 1119 fuerat
1145 1062 1185 1119 ut
1204 1053 1298 1119 Vas·

347 1159 482 1221 conium
504 1162 734 1239 expugnaret,
763 1155 889 1219 missus
920 1154 1040 1220 estad
1065 1174 1155 1218 eum.
1217 1155 1297 1221 Rex

347 1258 451 1322 etiarn
478 1257 617 1340 Augliae
646 1256 845 1321 Cantuariae
867 1255 1119 1321 solemnitatem
1144 1254 1297 1321 Pascha·

346 1358 414 1422 lem
444 1358 568 1435 tenuit,
600 1357 724 1421 ibidem
749 1364 788 1421 ut
816 1355 997 1420 Ambianis
1025 1355 1299 1439 proficisceretur

347 1466 554 1541 exspectans
577 1457 711 1522 litteras
728 1458 771 1520 de
789 1455 972 1521 conductu.
1024 1455 1047 1521 J
1050 1476 1178 1522 oannes
1193 1457 1297 1522 etiam

346 1559 389 1622 de
408 1558 502 1640 Lacy
521 1558 667 1622 clericus
692 1557 878 1638 praedictus
896 1558 932 1620 in
950 1557 1161 1622 Vasconiam
1185 1566 1297 1623 trans·

348 1659 472 1722 missus
500 1666 563 1735 est,
593 1677 671 1722 cum
698 1657 815 1722 littera
842 1657 1007 1722 ministris
1039 1659 1130 1741 regis
1156 1656 1296 1741 Angliae

346 1759 490 1833 directa,
509 1759 697 1822 secundum
719 1757 865 1823 formam
882 1759 1094 1841 praedictam.
1140 1757 1164 1823 J
1167 1779 1295 1824 oannes

349 1879 430 1923 vero
458 1858 500 1922 de
531 1859 661 1923 Sancto
691 1856 841 1936 Joanne,
873 1878 974 1941 quem
1007 1879 1069 1922 rex
1102 1856 1296 1942 Anglorum

347 1959 533 2024 Vaseoniae
548 1960 762 2042 praefecerat,
785 1959 912 2023 auditis
927 1959 1040 2043 pactis
1060 1960 1165 2035 initis,
1182 1963 1298 2025 omnia

346 2080 425 2143 quae
454 2060 497 2123 ad
523 2060 731 2139 munitiones
757 2069 948 2123 castrorum
976 2069 1011 2125 et
1034 2062 1169 2125 urbium
1193 2054 1295 2144 lpro·

346 2161 482 2225 viderat
507 2161 673 2234 vendidit,
694 2160 942 2241 discedensque
964 2181 1026 2244 per
1047 2160 1200 2225 Parisios
1218 2181 1295 2226 ver·

182 2280 319 2319 retrusa
346 2280 406 2325 sus
430 2258 593 2342 Angliam
620 2261 686 2323 iter
707 2280 807 2324 suum
835 2260 973 2325 direxit.
1033 2262 1079 2325 Et
1100 2280 1192 2339 ecce,
1214 2282 1295 2345 pro·

182 2331 332 2420 lllbilll⁸⁰¹
346 2368 489 2425 curante
512 2362 607 2443 pacis
633 2360 772 2437 remulo,
795 2362 1013 2425 immutatum
1043 2371 1096 2426 est
1116 2381 1177 2427 cor
1202 2363 1295 2444 regis

348 2462 572 2539 Francorum,
605 2462 863 2544 conductusque
895 2463 986 2544 regis
1022 2461 1161 2544 Angliae
1191 2461 1295 2527 dene·

345 2570 460 2644 gatur,
494 2569 529 2626 et
560 2562 679 2626 littera
706 2562 952 2626 constabularii
988 2561 1203 2627 revocatoria
1232 2583 1295 2646 per

345 2662 568 2745 posteriorem
604 2663 757 2726 litteram
789 2662 956 2740 irritatur,
988 2672 1024 2727 et
1059 2683 1121 2745 per
1153 2670 1292 2728 consta-

345 2763 517 2828 bularium
550 2761 763 2826 Vasconiam
798 2763 833 2825 in
864 2782 968 2827 manu
1002 2764 1134 2846 potenti
1165 2765 1295 2829 intran-

345 2871 426 2942 tem,
453 2862 655 2928 custodibus
682 2871 717 2927 et
739 2863 906 2927 ministris
927 2864 1033 2947 juxta
1056 2872 1209 2928 tenerem
1237 2865 1295 2930 lit·

345 2973 428 3029 terae
454 2970 649 3047 apportatae
681 2983 719 3027 se
742 2963 981 3042 subdentibuS,
1008 2965 1043 3027 in
1075 2984 1176 3028 manu
1203 2966 1295 3048 regis

346 3064 558 3128 Francorum
598 3065 768 3147 accipitur
806 3072 899 3129 terra
936 3073 1033 3144 tota3
1079 3066 1295 3149 ministrique

343 3184 462 3228 omnes
496 3163 587 3245 regis
619 3163 759 3245 Angliae
797 3173 966 3248 terraeque
998 3165 1171 3243 custodes,
1205 3168 1294 3231 obsi-

343 3265 403 3329 des
431 3272 466 3328 et
489 3265 619 3346 captivi
649 3263 804 3329 Parisios
832 3264 1057 3330 deducuntur.
1110 3265 1197 3331 Post
1222 3267 1295 3332 dies

344 3373 458 3429 tamen
489 3365 623 3449 aliquot
655 3365 879 3429 Eadmundus
911 3368 1048 3448 reginas
1082 3367 1230 3449 rogavit,
1257 3377 1296 3432 ut

339 3466 446 3549 juxta
476 3485 540 3529 sua
568 3467 740 3550 promissa
766 3473 801 3531 et
827 3468 1003 3549 pactiones
1035 3468 1151 3544 initae,
1178 3487 1294 3550 regern

346 3566 504 3631 Franciae
526 3567 788 3649 interpellarent
808 3586 911 3650 super
935 3569 1107 3632 conductu
1132 3569 1205 3650 regi
1223 3566 1296 3633 An-

344 3667 424 3749 gliae
450 3667 682 3745 concedendo,
705 3668 870 3732 citatione
894 3668 1100 3745 revocanda,
1127 3677 1219 3733 terra
1242 3690 1294 3733 re-

344 3768 531 3844 stituenda,
562 3776 597 3832 et
628 3767 805 3832 obsidibus
840 3767 1033 3834 liberandis.
1100 3769 1180 3834 Rex
1213 3790 1295 3835 vero

346 3869 558 3933 Francormn
580 3888 640 3952 per
658 3867 825 3951 quosdam
844 3869 982 3946 milites,
1000 3869 1124 3933 missos
1144 3869 1187 3933 ad
1207 3870 1294 3935 Ead-

351 4023 354 4027 ”
660 4024 762 4031 ——-

548 4108 555 4140 ¹
573 4112 734 4174 ‘providerat
743 4107 759 4173 3'
777 4112 889 4173 wanting
901 4112 926 4159 in
939 4112 977 4161 M.
991 4112 1041 4161 aud
1050 4112 1096 4161 Ar.
