2896 4860
396 380 408 413 ⁴*
575 390 758 438 annuens.
1073 373 1140 437 225

187 544 280 625 Pax,
298 566 378 631 quur
396 556 430 613 te
447 568 516 613 non
530 546 689 627 admitto,
704 550 787 631 quia
801 541 827 583 ¹‘
841 569 909 613 nou
924 556 975 613 est
992 566 1063 630 pax
1078 547 1138 610 im-

186 646 267 730 piis,
282 647 368 712 dicit
383 647 578 726 Dominus‚’
596 649 657 714 sed
675 657 810 715 tantum
826 649 1022 714 homiuibus
1037 650 1138 711 honae

187 745 389 813 voluntatis.
427 741 590 826 'Verum
614 751 696 832 quia
723 743 877 831 ³‘cogito
908 748 1137 831 cogitationes

186 848 285 930 pacis
316 856 352 913 et
379 868 449 913 non
480 848 701 926 afflictionis,'
736 850 917 914 consilium
958 849 1042 914 utile
1075 848 1138 912 tihi

186 945 290 1013 daho.
343 947 447 1013 Ultra
463 970 518 1014 me
533 950 667 1015 habitat
684 969 783 1014 soror
806 968 893 1029 mea,
910 969 989 1031 quae
1004 948 1138 1013 miseris

185 1047 278 1113 solet
295 1056 462 1131 praestare
486 1050 674 1114 auxilium:
698 1050 823 1114 accede
846 1049 891 1113 ad
915 1067 991 1112 eam
1013 1056 1049 1112 et
1068 1068 1137 1111 mo

186 1147 262 1213 nita
278 1148 355 1232 ejus
372 1149 529 1233 compla'
580 1149 768 1214 Accedeuti
789 1151 908 1233 itaque
931 1148 975 1213 ad
997 1148 1138 1212 domum

186 1256 348 1331 quartam
364 1249 513 1314 occurrit
536 1249 788 1326 Misericordia,
810 1250 860 1314 sic
883 1250 973 1313 euim
991 1248 1137 1313 vocaba-

186 1354 247 1412 tur
278 1348 419 1414 domina
448 1350 583 1427 domus,
616 1359 652 1413 et
681 1350 812 1432 petenti
844 1349 1031 1431 hospitium
1062 1348 1136 1412 haec

186 1449 385 1533 respondite
412 1449 475 1514 ‘si
494 1451 539 1513 ab
559 1449 757 1513 imminente
779 1456 986 1533 tempestate
1007 1448 1136 1513 salvari

185 1547 375 1625 desideras,
391 1550 479 1614 rade
501 1548 544 1613 ad
566 1559 726 1614 sanctum
751 1549 937 1614 Nicolaum
959 1548 1018 1613 uhi
1037 1548 1135 1611 habi·

185 1656 265 1713 tant
274 1647 399 1713 iratres
414 1648 676 1725 Praedicatores,
689 1657 724 1713 et
735 1650 890 1714 iuvenies
901 1649 948 1713 ihi
961 1648 1136 1712 stabulum

184 1749 414 1833 poenitentiae,
431 1757 466 1814 et
482 1768 637 1833 praesepe
663 1751 895 1827 continentiae,
918 1756 953 1812 et
970 1749 1135 1830 pabulum

186 1848 367 1926 doctrinae,
387 1856 423 1913 et
442 1850 577 1914 asinum
599 1849 843 1932 simplicitatis,
863 1859 898 1914 et
921 1851 1043 1913 hovem
1065 1848 1129 1912 dis·

185 1949 362 2025 cretionis,
382 1957 418 2014 et
436 1949 585 2014 Mariam
611 1949 873 2026 illuminantem,
893 1958 929 2013 et
944 1947 967 2012 J
970 1948 1135 2031 osephum

184 2048 433 2132 proficientem,
464 2056 499 2113 et
529 2048 552 2113 J
556 2066 652 2114 nsum
686 2069 830 2132 puerum
854 2057 889 2114 te
918 2049 1135 2114 salvantem!

185 2146 278 2215 Haec
307 2169 386 2214 cum
416 2148 598 2231 evigilaret
630 2169 707 2214 cnm
735 2150 919 2215 devotione
947 2150 1135 2225 ruminans,

184 2248 288 2314 valde
313 2242 566 2333 ⁴compunctus,
589 2249 681 2333 quod
708 2249 774 2313 sihi
804 2249 998 2314 consultum
1023 2250 1137 2314 fuerat

183 2367 268 2414 mox
285 2349 454 2431 implevit.

228 2448 466 2527 Eadmundus,
481 2448 741 2513 Cautuariensis
756 2448 1045 2533 archiepiscopus,
1062 2447 1136 2514 Ro·

183 2568 277 2615 mam
307 2548 403 2614 adiit
472 2548 569 2613 Obiit
600 2543 757 2627 “Petrus
781 2549 1033 2616 Wiutonieusis
1061 2549 1134 2632 epi·

181 2668 321 2734 scopus.

207 2872 273 2911 aa.
284 2870 305 2908 1.
316 2871 341 2907 c.
435 2868 633 2905 auomuenusr
652 2868 677 2905 a.
965 2866 1103 2903 aucwaun

179 2860 348 3093 'murman
376 2938 738 3085 cursorium'rasurarcru.
759 2954 925 2993 uonovrcrrx.
957 2955 1062 2992 ussnrcr
1073 2956 1114 2992 111.

440 3016 480 3063 1³.
627 3016 668 3062 28.
857 3048 864 3062 .
1048 3048 1055 3062 .

232 3160 388 3227 Gonnus
404 3156 544 3222 Domini
562 3155 682 3239 spinea
697 3155 805 3220 allata
818 3162 871 3220 est
887 3156 922 3218 iu
937 3154 1131 3219 Franciam.

183 3259 341 3327 Henrice
365 3258 438 3339 regi
465 3255 604 3337 Angliae
631 3264 735 3320 natus
760 3264 813 3320 est
835 3257 938 3332 lilius,
963 3275 1064 3337 quern
1088 3256 1132 3318 ab
1143 3270 1232 3360 ἔξω
1243 3271 1260 3309 1.

183 3360 323 3428 Othone
348 3357 465 3439 legato
498 3357 722 3438 baptizatum,
750 3355 975 3421 inhonorem
1003 3354 1131 3435 glorio·
1197 3349 1202 3359 ’

181 3460 310 3527 sissimi
331 3456 538 3522 confessoris
560 3461 595 3518 et
611 3455 704 3538 regis
729 3454 903 3531 Edwardi,
924 3454 1131 3519 Edwardum

182 3559 334 3627 vocavit.
406 3555 579 3620 Ricardus
621 3556 713 3636 regis
754 3553 892 3637 Angliae
934 3574 1131 3636 germanus,

182 3678 298 3727 comes
321 3656 489 3722 Pictaviae
507 3664 543 3720 et
561 3654 757 3732 cornubiae,
772 3675 843 3719 una
858 3674 936 3719 cum
956 3655 1131 3720 Willelmo

181 3760 224 3827 de
247 3758 491 3839 Longa-spata
517 3755 553 3818 in
578 3754 721 3820 Terram
756 3753 918 3819 Sanctam
944 3754 1130 3837 profectus,

181 3860 371 3927 exercitum
391 3856 601 3920 Francorum
625 3856 756 3919 invenit
772 3857 836 3918 suh
859 3874 942 3935 rege
963 3854 1131 3918 Navarrae

216 4065 224 4097 ¹
241 4067 330 4126 latia,
342 4064 398 4113 lvii.
409 4067 450 4112 21.
704 4060 714 4088 ⁴
730 4061 946 4124 ‘compunctionis
956 4056 970 4121 ;'
983 4062 1021 4110 Μ.

214 4136 356 4187 ”lterum
366 4148 426 4196 qun
437 4133 520 4194 cogito
531 4128 547 4191 ;'
558 4132 596 4181 Μ.
704 4128 870 4180 ⁶‘Peresde
882 4132 908 4179 la
920 4125 1032 4189 lloche;'
1044 4130 1131 4179 Frllr.

215 4208 226 4237 ⁸
240 4208 338 4259 Jerem.
347 4205 420 4254 uix.
434 4206 472 4252 ll.
671 4200 713 4251 lle
724 4201 784 4251 died
796 4206 822 4250 at
834 4201 966 4250 Fantharn.

960 4294 982 4351 Q
