2896 4860
525 389 706 438 isannes.
1030 371 1096 436 329

148 550 285 614 nomine
311 549 404 631 regis
432 547 591 612 Francia·
615 555 823 630 poneretur;
855 548 898 612 de
929 549 1094 613 ministris
1108 565 1231 607 canaam·

147 670 285 734 quoque
308 669 369 732 per
392 668 505 730 regem
531 646 670 730 Angliae
694 649 729 711 in
758 648 934 713 Vasconia
960 651 1094 731 positis,
1105 619 1205 668 “m

148 750 295 834 aliisque
312 770 373 833 per
386 756 495 813 totam
512 756 650 825 terram,
671 769 733 831 pro
749 749 849 812 libitu
873 748 964 830 regis
984 749 1093 813 Fran·

148 871 266 915 corum
302 850 437 915 obsides
471 849 698 914 traderentur.
767 848 903 928 Quibus
934 850 1094 932 peractis,

151 971 212 1015 rex
238 951 394 1015 Franciae
416 950 614 1014 citationem
636 950 672 1012 in
695 950 776 1013 aula
799 948 988 1014 Parisiensi
1010 951 1095 1033 pun

150 1052 288 1116 licatam
319 1051 448 1115 faceret
479 1051 661 1115 revocari:
702 1058 818 1113 castra
852 1070 933 1115 vero
968 1051 1094 1129 omnia,

151 1152 276 1216 amotis
298 1151 526 1216 servientibus
544 1150 580 1213 in
602 1150 801 1214 civitatibus
821 1151 944 1234 positis
965 1160 1002 1215 et
1018 1171 1094 1215 cas·

154 1253 229 1330 tris,
256 1253 461 1334 obsidesque
487 1250 529 1316 ad
559 1251 760 1334 petitionem
789 1251 934 1314 duarum
961 1252 1096 1334 regina·

153 1373 241 1429 rum,
270 1352 326 1416 vel
358 1353 460 1415 unius
492 1371 621 1428 earum,
650 1352 848 1415 restitueret
881 1353 955 1415 sine
989 1371 1093 1416 mora.

154 1452 301 1535 Rexque
335 1450 474 1532 Angliae
504 1470 668 1515 concesso
697 1451 762 1514 sibi
797 1452 896 1515 saivo
924 1451 1095 1516 conductu

153 1550 334 1616 Ambianis
366 1552 510 1628 veniret,
533 1559 571 1614 ut
602 1551 649 1613 ibi
681 1550 799 1615 habito
827 1560 947 1620 mutuo
977 1571 1097 1634 regum

154 1652 338 1735 colloquio,
354 1672 424 1734 pax
440 1661 475 1716 et
490 1652 642 1716 amicitia
658 1652 693 1714 in
711 1659 887 1734 posterum
907 1646 1098 1716 ¹iirmareu-

155 1761 222 1817 tur.
281 1752 393 1833 Super
431 1752 485 1815 his
517 1752 683 1816 confectis
715 1753 867 1835 scriptis,
901 1773 1004 1816 unum
1037 1773 1099 1835 per·

155 1853 291 1935 reginas
310 1853 482 1934 signatum
506 1852 710 1916 Eadmuudo
734 1853 894 1929 traditur,
911 1852 1005 1916 aliud
1031 1855 1098 1936 sig-

156 1963 273 2016 natum
297 1954 342 2016 ab
360 1952 562 2015 Eadmundo
584 1951 844 2017 commendatur
859 1953 998 2035 reginis,
1021 1974 1099 2037 quae

155 2053 238 2117 data
262 2054 329 2117 fide
351 2054 386 2116 iu
409 2072 512 2116 manu
533 2051 726 2116 Eadmundi
745 2054 975 2136 promiserunt
998 2060 1102 2136 pacta

156 2154 189 2215 in
207 2154 345 2235 scriptis
361 2152 448 2218 inita
465 2153 661 2218 nullatenus
677 2154 849 2221 violanda.

207 2252 424 2317 certificatus
443 2272 547 2336 super
567 2254 621 2317 his
643 2275 705 2318 rex
725 2253 864 2337 Angliae
884 2275 946 2337 per
968 2275 1100 2337 genna·
1114 2275 1262 2328 nmini·

158 2374 238 2417 num
284 2374 397 2431 suum,
438 2354 589 2417 litteram
631 2374 735 2418 unam
778 2362 954 2436 patentem
991 2355 1101 2420 direc-
1112 2329 1252 2423 221¹0‘2f⁸‘“¹'

158 2463 227 2518 tam
255 2455 412 2517 omnibus
438 2454 604 2518 ministris
631 2454 703 2518 suis
727 2454 762 2516 in
785 2454 972 2533 vasconia,
994 2457 1101 2521 couti·

158 2562 295 2618 nentem
341 2554 539 2618 mandatum
585 2562 625 2618 ut
663 2555 698 2618 in
732 2555 890 2619 omnibus
929 2556 1101 2621 voluntati

159 2656 250 2737 regis
281 2655 493 2719 Francorum
519 2647 779 2736 ²obtemperent,
806 2657 998 2720 transmisit
1022 2677 1101 2739 ger·

158 2775 272 2832 mano,
297 2775 453 2838 pereum
480 2753 574 2841 (cum
598 2754 663 2818 sibi
686 2753 876 2840 videretur)
898 2757 1044 2821 ulterius
1067 2758 1103 2820 in

158 2855 367 2920 Vasconiam
410 2855 719 2920 transmittendam.
791 2855 948 2940 Recepta
987 2857 1104 2922 littera

159 2955 395 3032 Eadmundus,
413 2956 542 3019 veritus
564 2975 640 3018 eam
662 2957 895 3021 transmittere
916 2966 1103 3041 antequam

158 3057 224 3120 sibi
246 3063 422 3120 constaret
447 3074 492 3118 an
513 3074 575 3118 rex
595 3056 669 3137 ipse
691 3065 887 3139 acceptaret
912 3078 991 3141 quac
1010 3058 1104 3123 facta

159 3157 295 3221 fuerant
324 3177 385 3239 per
407 3156 556 3237 reginas,
578 3156 703 3237 petivit
728 3157 856 3235 abeis,
886 3166 926 3222 ut
951 3179 1013 3241 pcr
1034 3160 1106 3224 dic-

159 3264 232 3321 turn
249 3251 354 3339 ³regis
368 3257 544 3339 proprium
562 3275 667 3339 super
688 3256 876 3339 praemissis
893 3259 1020 3323 certior
1031 3260 1104 3324 red-

157 3357 308 3422 deretur.
366 3357 526 3439 Deuique
556 3357 785 3439 praesentibus
815 3357 1020 3423 Eadmundo
1053 3381 1106 3426 re-

158 3458 213 3540 gis
252 3456 391 3539 Angliae
433 3476 597 3538 germano
635 3463 671 3520 et
710 3476 818 3521 uxore
849 3477 914 3521 sua
954 3451 1106 3525 ⁴Blanca

159 3559 279 3640 regina
317 3557 351 3620 N
354 3576 499 3634 avarrae,
535 3564 644 3620 matre
678 3557 806 3638 reginae
841 3557 1011 3635 Francia,
1043 3580 1106 3624 nec

160 3678 228 3721 non
251 3658 339 3721 duce
362 3656 588 3740 Burgundiae,
616 3655 768 3738 Hugone
790 3657 833 3720 de
855 3657 927 3721 Ver
953 3657 1024 3722 filio
1047 3679 1106 3724 co·

159 3759 253 3823 mitis
290 3757 450 3835 Oxonioe,
489 3776 530 3821 ac
559 3757 684 3821 clerico
718 3758 867 3839 quodam
895 3756 1033 3824 Joanne
1064 3759 1108 3825 de

161 3859 269 3941 Lacy,
292 3878 353 3922 rex
380 3860 454 3941 ipse
476 3859 645 3940 promissa
665 3858 873 3938 reginarum,
892 3878 933 3922 ac
949 3854 1109 3943 ⁵pcracta

196 4076 203 4107 ¹
222 4073 405 4135 ‘tirrnurctur3’
419 4076 500 4124 MSS.
684 4074 693 4101 ⁴
711 4077 844 4126 ‘Bluucha
853 4073 868 4135 ς’
880 4079 930 4127 M.:
942 4080 949 4106 ‘
960 4079 1084 4128 Bluuchiu
1094 4077 1111 4141 ς’

196 4146 205 4174 ²
223 4141 464 4208 ‘ubtenrperarcntf
482 4147 520 4195 Μ,
632 4126 698 4196 'Aa

196 4216 207 4247 ⁸
224 4220 299 4280 ‘ejus
307 4212 322 4276 ;'
335 4218 373 4265 Μ.
632 4198 636 4275 i
685 4214 695 4244 ³
712 4218 719 4242 ‘
728 4214 825 4279 pactus
835 4217 882 4266 Ar.
894 4222 917 4266 ct
930 4218 977 4267 Ar.
992 4224 1050 4270 22⁰.
