2896 4860
565 412 747 461 Anususss.
1070 398 1135 463 145

179 570 299 653 itaque
323 589 365 635 ea
393 568 448 635 die
478 569 564 635 adeo
590 570 670 655 jugi
700 577 849 635 vexatus
876 579 930 636 est
956 572 1134 649 exercitio,

178 678 220 735 ut
235 671 325 736 cutis
342 671 475 736 dextrae
492 671 660 735 vibrantis
676 671 829 753 gladium
844 680 1070 755 rumperetur.

230 771 370 837 Interea
387 771 500 837 factus
516 780 570 836 est
586 771 715 836 clamor
732 791 877 855 magnus
900 794 922 838 a
940 774 1027 838 facie
1041 774 1131 838 Tur·
1146 788 1272 879 {mor

179 890 311 950 corum,
329 872 405 957 jam
422 872 539 937 villam
558 870 673 955 Joppe
696 873 855 938 certatim
878 876 1131 957 occupantium.
1239 867 1244 878 ’

180 970 261 1051 Quo
283 973 414 1052 audito,
438 992 501 1037 rex
524 991 601 1036 cum
626 972 844 1038 multitudine
864 974 1131 1053 balistariorum,

179 1073 355 1156 equitibus
378 1081 512 1138 tanturn
537 1073 671 1137 duobus
692 1092 769 1137 eum
792 1075 1048 1153 comitantibus,
1073 1097 1130 1142 ac·

179 1174 309 1255 currit;
333 1183 369 1239 et
384 1174 419 1237 in
434 1174 511 1256 ipsa
527 1173 658 1256 ¹platea
674 1173 760 1238 duos
776 1174 910 1239 Turcos
927 1178 992 1241 sibi
1010 1179 1131 1243 obvios

179 1272 356 1357 dejiciens,
372 1293 480 1358 equos
494 1274 580 1338 duos
595 1274 783 1340 lucrifecit:
809 1276 1023 1360 repulsisque
1039 1278 1130 1342 Tur-

180 1374 242 1452 cis,
269 1374 447 1440 mandavit
469 1394 644 1439 murorum
669 1375 862 1459 interrupta
885 1379 1050 1460 reparari,
1072 1381 1130 1443 ad-

180 1473 301 1540 hibens
321 1475 482 1540 custodes
504 1476 563 1560 qui
585 1476 761 1541 civitatem
781 1477 994 1542 custodirent
1015 1480 1058 1542 ab
1081 1479 1130 1542 in-

179 1577 338 1643 cursione
352 1575 556 1642 Turcorum.
611 1576 744 1642 Deinde
768 1577 809 1640 ad
832 1577 930 1641 littus
949 1580 1053 1643 maris
1076 1599 1130 1644 ac-

179 1677 317 1752 cedens,
340 1679 507 1763 plurimos
530 1678 589 1761 qui
611 1678 646 1741 in
672 1677 780 1759 galeis
804 1676 922 1760 sugam
950 1681 1131 1744 tentabant

179 1777 423 1844 efficacissimis
447 1779 561 1843 verbis
583 1776 626 1841 ad
650 1776 806 1860 praelium
834 1781 1028 1858 revocavit;
1052 1800 1129 1844 cum

178 1880 304 1961 quibus
330 1879 372 1943 ad
400 1879 512 1944 locum
541 1897 667 1960 pugnae
699 1878 788 1943 unde
818 1878 992 1961 digressus
1019 1880 1132 1945 fuerat

179 1980 333 2057 veniens,
356 1980 566 2044 ferocissimo
593 1980 723 2062 impetu
752 1981 788 2043 iu
815 1980 1007 2045 Turcorum
1031 1982 1130 2046 dimi·

180 2081 333 2144 cantium
357 2099 395 2144 se
416 2080 552 2143 turbam
577 2080 731 2162 ingessit,
756 2082 815 2163 qui
840 2101 953 2164 regem
979 2083 1131 2166 undique

179 2180 491 2255 circumvallantes,
509 2180 560 2245 ita
574 2188 613 2246 ut
627 2200 795 2264 nusquam
815 2181 988 2247 videretur
1005 2204 1026 2248 a
1046 2185 1130 2260 suis,

179 2282 395 2346 conabantur
416 2282 620 2365 opprimere.
669 2281 716 2346 At
738 2280 797 2345 illc
820 2290 918 2345 tanta
944 2284 1130 2349 vivacitate

179 2382 215 2446 iu
250 2383 312 2448 illa
343 2383 535 2448 'lurcorum
567 2382 784 2446 multitudine
817 2401 854 2445 sc
887 2384 1014 2465 agebat
1036 2392 1130 2449 trans

181 2503 288 2548 ausus
310 2483 499 2559 hominum,
521 2489 560 2547 ut
576 2483 619 2546 ad
641 2481 769 2547 nullius
791 2501 921 2564 pavens
939 2503 1130 2561 occursum,

180 2583 297 2649 hostes
319 2586 612 2648 transverberaret
630 2582 780 2666 undique
803 2584 981 2648 irruentes.
1035 2585 1132 2649 Inter

181 2704 270 2767 quos
284 2684 501 2749 admiralium
518 2685 688 2768 quendam
705 2678 848 2749 ²ecteris
861 2684 1129 2762 eminentiorem,

181 2792 217 2849 et
233 2785 362 2867 insigni
383 2785 560 2850 cultiorem
584 2794 765 2868 apparatu,
785 2786 885 2849 unico
906 2787 966 2849 scd
983 2786 1132 2849 admira-

181 2884 242 2950 bili
265 2885 406 2951 vulnerc
428 2886 618 2965 interfecit3
644 2887 703 2968 qui
729 2905 807 2949 cum
833 2885 920 2950 alios
948 2886 1044 2951 velut
1072 2887 1131 2951 de·

180 2984 274 3052 sides
304 2987 525 3067 redarguens,
553 3005 642 3068 equo
673 2985 811 3049 sublimi
845 2999 978 3064 vectus,
1011 2987 1131 3070 rapido

181 3106 286 3152 cursu
318 3087 441 3152 obvius
469 3085 543 3168 regi
577 3085 767 3170 dejiciendo
797 3087 960 3163 venisset,
989 3089 1132 3153 irruenti

182 3186 420 3270 multipliciter
452 3193 586 3250 armato
620 3206 681 3250 rex
716 3186 867 3269 gladium
900 3195 975 3252 tota
1004 3189 1132 3253 virtute

182 3287 362 3372 objiciens,
384 3295 491 3371 caput
512 3305 590 3350 cum
615 3288 759 3370 scapula
785 3287 909 3352 dextra
934 3296 969 3353 et
992 3289 1132 3354 brachio

181 3389 388 3473 amputavit.
440 3385 521 3466 Quo
539 3388 625 3463 viso,
647 3389 752 3452 ceteri
770 3387 876 3453 Turci
894 3390 983 3453 viam
1004 3390 1132 3472 spatio-

181 3508 257 3555 sam
282 3489 455 3565 cedentes,
481 3507 503 3552 a
533 3488 636 3570 louge
660 3489 808 3570 sagittas
836 3497 871 3552 et
898 3490 970 3570 pila
998 3498 1130 3555 tantum

182 3591 218 3655 in
235 3590 347 3673 ipsum
364 3589 521 3654 emittere
536 3590 752 3670 satagebant.
797 3589 905 3671 Regis
922 3590 1040 3673 itaque
1057 3610 1133 3655 cor·

182 3710 249 3774 pus
271 3690 538 3772 circumquaque
560 3681 726 3753 ³obsitum
749 3689 829 3772 pilis
851 3691 1065 3755 creberrimis
1082 3693 1134 3755 in-

183 3791 277 3869 fixis,
296 3791 387 3856 sicut
401 3789 525 3855 ericius
540 3788 689 3868 aculeis3
712 3789 868 3863 similiter
882 3799 917 3855 et
931 3809 1041 3873 equus
1058 3792 1134 3876 ejus

182 3892 322 3974 sagittis
339 3891 549 3956 haerentibus
570 3890 605 3953 iu
629 3890 705 3975 ejus
727 3889 877 3974 phaleris
899 3891 1061 3956 horrebat
1082 3893 1134 3956 iu·

182 3993 345 4058 numeris.
411 3991 468 4056 Sic
502 3991 600 4055 miles
637 3991 786 4055 eximius
822 4010 998 4073 regressus
1029 4001 1083 4057 est
1113 4013 1135 4057 a

221 4176 229 4207 ¹
247 4173 370 4243 ‘pluries
381 4178 415 4227 M
428 4195 434 4228 :
451 4178 460 4206 ‘
468 4174 590 4240 palacia;'
602 4177 650 4228 Ar.
708 4172 720 4208 ³
735 4177 861 4226 ‘obsitum
872 4173 926 4238 sit3’
938 4178 976 4227 M.
987 4183 1012 4228 et
1022 4177 1069 4228 Ar.

218 4244 423 4310 ¹‘affamini
437 4248 567 4299 M.et.4r.

966 4340 988 4387 L
