2896 4860
528 425 714 476 aurnuns.
1029 410 1096 476 877

142 578 323 650 troducte.¹
409 583 489 649 Hoc
535 603 640 662 anno,
679 585 770 650 circa
809 584 1093 669 Assumptionem

141 686 254 750 beetee
286 685 444 766 Virginis
482 683 619 762 Mariae,
659 685 747 750 obiit
779 684 968 763 Henricns,
1002 685 1095 749 Ebo-

141 786 294 850 racensis
328 784 621 869 archiepiscopus,
654 786 709 849 cui
741 787 909 851 successit
940 785 1095 851 Thomas

142 886 185 949 de
205 886 413 968 Colebruge,
437 885 559 950 doctor
579 885 615 949 in
636 885 811 968 theologia
831 887 990 951 eximius.

399 1103 422 1140 Ρ.
435 1103 598 1139 ΕΟΜΛΝΟΒῘῙΜ
612 1103 637 1141 li.
725 1104 878 1141 salmonum
929 1103 1069 1140 anemium

424 1253 449 1299 6.
1008 1283 1015 1298 .

193 1381 319 1453 'Pseu
352 1390 551 1455 Bonifacius
580 1389 750 1454 indultum
779 1389 909 1454 faciens
935 1391 1237 1493 omnibusgopssoug·

145 1508 224 1553 vere
247 1490 495 1571 poenitentibus
515 1498 551 1555 et
573 1489 749 1566 confessis,
767 1490 827 1573 qui
847 1510 910 1572 per
928 1491 1011 1555 anni
1033 1491 1095 1555 bn·
1107 1463 1216 1603 affi-

140 1589 201 1674 jus
232 1591 396 1673 spatium,
427 1611 468 1656 ac
494 1610 555 1673 per
581 1589 769 1674 quemlibet
796 1610 922 1655 annum
950 1599 1209 1702 ⁰⁶⁰t⁸⁸¹'225¹2,⁸,'1,

145 1710 238 1753 mum
263 1683 430 1769 futurum,
459 1690 607 1756 Romam
640 1689 683 1754 ad
715 1691 894 1755 beatorum
921 1692 1252 1793 εφοειῐοίο-ῑνοξιξτδξὴοοωιο

147 1811 222 1854 rum
255 1789 351 1855 Petri
379 1799 414 1856 et
441 1790 544 1855 Pauli
571 1791 732 1855 basilicas
757 1798 840 1855 voto
866 1791 1094 1873 peregrinati·
1107 1803 1217 1894 amr

146 1892 224 1954 onis
246 1890 420 1956 humiliter
445 1892 653 1956 accesserint
673 1898 709 1954 et
734 1890 870 1967 devote,
893 1898 1095 1956 cunctorum
1107 1904 1219 1944 tedred

146 2010 286 2055 suorum
302 1991 472 2055 concessit
485 1990 732 2072 indulgentiam
749 2000 981 2073 peccatorum.
1015 1992 1093 2056 Rex
1107 2002 1207 2093 3353
1215 2052 1253 2093 m

146 2092 182 2154 in
208 2091 435 2175 parliamento
458 2089 646 2154 Londoniis
668 2091 704 2154 in
720 2090 996 2173 Quadrngesima
1012 2112 1094 2156 con·
1107 2104 1257 2193 gggpfgfflth

147 2191 358 2255 firmationes
396 2190 593 2255 chartarum
620 2190 849 2266 confirmavit,
885 2199 921 2255 et
962 2199 1205 2258 statutarum·

147 2290 304 2374 qnaedam
320 2291 427 2356 edidit
445 2290 487 2355 de
505 2291 629 2354 finibus
649 2298 685 2355 et
700 2290 962 2356 liberationibus
977 2285 989 2322 ³
1002 2288 1094 2378 [car-

182 2464 191 2496 ¹
206 2467 453 2518 ‘Mercatoresenim
461 2467 611 2531 alienigenae
634 2481 696 2516 ones
714 2467 858 2519 chartarum
876 2471 1021 2530 renovavit3
1043 2471 1097 2520 erli-

146 2538 173 2586 ln
195 2538 324 2601 Angliam‚
345 2546 458 2588 monetas
479 2540 611 2601 plurimas,
635 2538 724 2600 (litque
735 2544 830 2588 statuta
840 2540 985 2601 duo‚nnnm
997 2541 1029 2590 de
1041 2542 1096 2591 lini-

146 2613 173 2657 et
183 2609 288 2670 pessimi
304 2610 409 2671 metalli,
426 2608 610 2670 Pollardorum,
635 2608 693 2669 bus,
715 2613 741 2658 et
761 2609 832 2658 aliud
853 2610 886 2658 ‹le
911 2616 1095 2660 carceratorum

146 2678 341 2741 Crocardornm,
409 2678 611 2741 Scaldingorum,
634 2677 833 2738 liberationibus,
843 2679 997 2729 utilioralde
1008 2696 1094 2743 regno.

150 2748 325 2808 brabantiam,
341 2748 502 2809 Aquilarum,
519 2748 610 2797 Leoni·
636 2748 707 2798 Fecit
732 2750 808 2798 etiam
834 2749 907 2797 citari
932 2764 1028 2809 omnes,
1049 2752 1095 2813 qui

149 2832 247 2880 narum,
264 2819 448 2867 Dormientium
467 2823 493 2866 et
503 2818 609 2867 aliorum
635 2818 684 2867 sibi
703 2819 807 2867 servitia
821 2833 947 2868 armornm
961 2820 1096 2885 debebant,

148 2888 304 2938 diversorum
316 2882 461 2939 nominum.'
497 2888 609 2952 Hemp.
635 2894 664 2937 nt
673 2893 758 2938 essent
771 2890 853 2950 parati
869 2889 938 2951 apud
952 2890 1095 2943 t'arleolurn

151 2962 206 3009 170.
635 2958 1095 3024 infestossoannisssaptutaeprox-

184 3025 266 3076 ²'l'be
290 3028 351 3076 Cod.
367 3028 433 3079 Mer.
455 3029 547 3077 relates
567 3028 610 3078 the
635 3029 684 3078 ime
694 3028 1097 3089 futuro,u1terius-versusSco-

149 3103 238 3148 events
259 3097 289 3147 of
307 3098 358 3147 this
376 3113 438 3160 year
459 3113 527 3147 more
545 3098 609 3160 fully
634 3101 695 3148 tiam
712 3100 879 3162 progressuri.
915 3101 972 3151 Rex
983 3103 1095 3165 Anglioe,

148 3168 209 3218 than
228 3169 288 3219 cod.
300 3169 364 3230 ηις.
400 3168 492 3230 ‘Papa
510 3168 611 3217 Bonisa-
635 3170 750 3219 restituto
768 3171 884 3233 termino,
901 3184 958 3219 cum
980 3175 1094 3223 exercitu

149 3239 205 3289 cius
234 3240 349 3289 omuibus
376 3238 558 3300 poenitentibus
585 3245 611 3287 et
635 3239 721 3288 valido
742 3240 851 3289 Scotiam
867 3245 982 3302 potenter
1000 3243 1095 3306 ingres·

149 3309 280 3368 confessis,
288 3309 331 3370 qui
340 3323 386 3369 per
396 3310 455 3357 anni
466 3307 543 3370 hujus
552 3323 610 3370 spa-
635 3322 689 3371 sus,
698 3312 837 3359 transmisit
848 3311 995 3371 pervellem
1010 3314 1096 3363 Anan-

148 3381 221 3440 tium,
232 3394 262 3428 ac
276 3378 388 3440 quolibet
398 3393 464 3428 anno
474 3380 611 3428 centesimo
635 3379 696 3440 dim,
704 3380 778 3429 villas
788 3386 814 3429 et
822 3381 974 3431 munitiones
984 3385 1097 3447 capiens,

148 3449 175 3498 in
192 3449 314 3508 futurum,
328 3454 386 3497 voto
403 3448 612 3511 peregrinationis
635 3454 769 3510 castraque
776 3451 869 3510 omnia,
877 3465 936 3512 quae
946 3452 972 3499 in
981 3454 1095 3513 partibus

147 3521 181 3569 ad
204 3519 323 3568 basilicas
340 3520 468 3568 beamrum
487 3519 612 3580 apostolo·
636 3518 688 3567 illis
701 3524 787 3578 erant;
808 3522 903 3581 recepit
918 3526 945 3570 et
958 3522 990 3570 ad
1005 3538 1094 3584 paoem

148 3605 204 3640 rum
216 3590 288 3638 Petri
299 3594 324 3637 et
336 3589 412 3638 Pauli
423 3590 510 3638 Romss
527 3603 612 3638 acces·
636 3603 708 3637 suam
718 3591 824 3649 patriam
837 3590 989 3653 Galwediae,
997 3592 1096 3643 habita·

148 3661 236 3719 serint,
253 3660 353 3721 plenam
370 3674 473 3708 suornm
489 3659 612 3708 concessit
635 3659 732 3707 toribus
757 3657 828 3707 illius
854 3665 928 3709 terra
954 3676 981 3710 se
1007 3668 1096 3727 sponte

147 3730 331 3792 indulgentiam
351 3729 509 3779 delictorum.
556 3730 612 3778 Rex
635 3729 802 3778 subdentibus
811 3731 1026 3791 regireroluntati.
1044 3734 1096 3782 Ex·

150 3798 611 3863 Anglimordinatisinmarchissm-
635 3798 695 3848 inde
705 3799 832 3862 muressis
846 3800 928 3849 Scotis
942 3804 1038 3864 treugis
1053 3817 1095 3852 us·

150 3872 194 3920 tim
214 3870 372 3931 custodibus,
391 3885 496 3931 quorum
516 3870 611 3930 capita·
636 3883 686 3930 que
702 3869 736 3919 ad
751 3869 843 3918 festum
859 3870 1020 3921 Pentecostes
1036 3874 1096 3922 sunl

151 3956 225 3990 neum
244 3942 369 3990 loannem
388 3941 420 3990 de
440 3940 466 3990 S.
487 3939 610 4003 [loanne]
635 3940 764 3989 ⁸vicesimi
779 3940 916 4002 sequentis,
927 3955 1042 3990 reversus
1058 3948 1097 3992 est

151 4012 291 4070 constituit,
316 4011 458 4059 Londonias
484 4008 611 4071 proiectus
636 4023 681 4058 rex
696 4012 861 4072 inAngliam.
897 4011 999 4060 Festum
1016 4013 1098 4063 Nata·

152 4088 200 4131 est.
218 4081 270 4129 Ubi
280 4086 391 4142 tempora
402 4080 611 4143 Quadragesimae
634 4080 668 4130 lis
678 4082 760 4130 tenuit
771 4077 1004 4142 Nortbamptoniae.'

152 4153 317 4214 parliamento
345 4150 441 4211 habito,
462 4151 612 4201 confirmati·
671 4147 760 4200 'This
776 4152 846 4201 word
862 4151 885 4200 is
900 4151 963 4201 from
979 4152 1098 4218 Arm,

505 4241 516 4265 ¹
534 4238 599 4299 lage
609 4237 617 4265 ‘
627 4232 755 4299 proxime?
