2896 4860
720 421 794 469 Nlo.
812 416 960 468 valvus!

395 606 420 643 b.
433 607 459 643 N·
470 607 489 642 J.
500 608 524 642 (ἔ.
611 608 634 643 i’.
648 607 810 642 strnuueubtt
824 608 849 643 R.
943 605 1096 640 FRANOORUM
1145 606 1284 641 uucwsust

555 665 899 672 ————-—-——---—

414 693 501 730 rieux.
561 694 668 729 unarum
679 694 714 730 ιν.
739 693 871 729 rusucurcr
883 694 901 730 1.
932 693 1048 729 rouovrcr
1059 694 1108 730 vu.
1145 692 1250 729 usumcr
1263 694 1294 730 11.

790 754 815 800 Δ.
827 754 853 800 7.
999 755 1041 800 22.
1207 755 1232 800 ὁ.

199 911 326 952 numer
412 891 612 955 Haustcus
634 911 696 955 rex
721 890 860 973 Angliae
884 898 920 955 et
945 891 1174 974 Raymundus
1195 909 1311 955 comes

198 962 339 1052 iiffe‘o'uii‘ir
363 991 591 1057 Barchinonse
613 991 705 1075 apud
723 999 875 1056 castrum
891 991 1051 1056 Blaviam
1070 991 1231 1055 amicitie
1245 991 1311 1055 soe·

199 1062 318 1102 mm
361 1093 426 1156 dus
455 1091 629 1156 inierunt:
659 1091 724 1157 hoe
753 1099 869 1175 pacto,
895 1092 988 1174 quod
1022 1091 1194 1156 Ricardus
1217 1090 1311 1155 filius

361 1194 452 1276 regis
475 1192 580 1256 filiam
602 1191 756 1276 ejusdem
779 1191 978 1275 Raymundi
1000 1192 1142 1256 duceret
1158 1199 1312 1275 tempore

360 1300 567 1376 opportuno,
596 1299 632 1356 et
656 1312 718 1356 rex
748 1291 885 1375 Angliee
912 1293 1022 1357 eidem
1045 1292 1197 1357 Ricardo
1228 1311 1312 1356 con·

360 1394 498 1458 cederet
518 1393 680 1456 ducatum
705 1391 903 1475 Aquitaniae
926 1399 962 1457 et
978 1392 1145 1457 Pictaviae
1167 1392 1312 1457 comita·

362 1501 447 1558 tum.
500 1492 661 1556 Duxerat
686 1491 741 1556 hic
769 1493 997 1576 Raymundus
1024 1493 1131 1557 filiam
1160 1500 1197 1558 ct
1216 1493 1310 1557 here-

361 1594 438 1657 dem
455 1593 545 1673 regis
563 1591 759 1674 Aragoniae.
800 1593 905 1671 Nam,
922 1603 962 1657 ut
978 1593 1082 1657 altius
1101 1600 1310 1676 repetamus,

362 1692 523 1757 Sanctius
553 1711 615 1756 rex
647 1691 848 1775 Aragonum
878 1701 948 1757 tres
974 1693 1096 1758 habuit
1120 1694 1222 1772 filios,
1251 1694 1311 1776 qui

362 1792 427 1857 sibi
462 1800 701 1857 successerunt
739 1793 889 1858 vicissim
927 1793 961 1857 in
999 1813 1117 1875 regno,
1151 1794 1312 1859 videlicet

362 1892 595 1966 Sanctionem,
624 1887 852 1970 ¹Ansorcium,
872 1903 907 1957 et
926 1893 1131 1958 Romelium.
1186 1893 1312 1958 Primis

362 1994 496 2057 duobus
526 1993 767 2057 decedentibus
792 1994 866 2057 siue
887 1993 1016 2070 liberis,
1035 1994 1228 2072 Romelius,
1251 1994 1311 2077 qui

363 2093 552 2158 monachus
570 2093 695 2170 suerat,
710 2093 753 2156 de
768 2093 977 2157 monasterio
990 2101 1181 2172 extractus,
1198 2102 1235 2160 et
1248 2115 1310 2159 rex

363 2193 488 2271 factus,
501 2193 603 2257 duxit
620 2212 763 2258 uxorem
780 2193 972 2272 Matildem,
988 2203 1130 2259 matrem
1144 2194 1312 2260 Willelmi

363 2294 498 2359 comitis
525 2287 677 2372 'Toarti,
704 2313 749 2357 ex
777 2313 847 2376 qua
878 2293 984 2358 filiam
1014 2295 1149 2358 unicam
1180 2295 1313 2378 genuit,

363 2413 507 2459 uxorem
537 2394 672 2477 praefati
698 2393 909 2478 Raymundi,
936 2394 979 2458 de
1003 2413 1071 2477 qua
1100 2395 1174 2479 ipse
1202 2395 1311 2461 filium

363 2495 496 2578 genuit,
518 2495 577 2577 qui
599 2502 722 2578 postea
744 2494 809 2559 suit
831 2514 892 2558 rex
913 2492 1128 2577 Aragonum,
1153 2502 1188 2560 et
1204 2495 1310 2560 filiam

363 2595 500 2659 nomine
518 2594 775 2676 Berengariam,
788 2614 891 2678 quam
909 2595 1021 2659 suerat
1038 2594 1204 2660 ducturus
1220 2596 1312 2661 filius

363 2695 456 2777 regis
471 2694 654 2759 Ricardus.

201 2818 277 2858 utrae
415 2795 497 2860 Hoc
510 2815 602 2860 anno
616 2795 803 2878 imperator
822 2793 1023 2860 Fredericus
1035 2797 1152 2860 urbem
1176 2795 1313 2862 Medio·

202 2874 283 2909 ‘'²¹¹“
365 2895 494 2973 lanum,
517 2889 617 2978 ³quia
639 2895 879 2974 rebellaverat,
900 2895 1026 2960 iterato
1043 2896 1188 2962 obsedit.
1241 2897 1312 2962 De-

360 2994 448 3078 jecit
475 2995 579 3060 etiam
610 3005 722 3061 turres
750 2995 870 3080 Papiae
897 3003 933 3061 et
963 2995 1165 3075 Placentiae,
1192 3003 1227 3061 et
1249 2999 1315 3062 sibi

203 3121 221 3161 u
279 3117 331 3157 uun
366 3094 608 3159 Lombardiam
626 3115 762 3160 omnem
778 3097 937 3182 subjecit.
976 3097 1057 3161 Rex
1068 3096 1208 3179 Angliae
1223 3097 1315 3162 circa

201 3172 225 3211 ot
231 3175 239 3210 t
256 3169 329 3217 ekina

201 3221 299 3311 mres
298 3218 354 3267 my·
365 3196 511 3260 mediam
535 3195 845 3279 Quadragesimam
877 3197 1086 3263 coadunavit
1122 3198 1314 3262 exercitum

202 3322 314 3412 ww,
364 3315 529 3380 magnum
545 3304 666 3363 contra
678 3297 935 3381 Raymundum,
952 3298 1109 3363 comitem
1128 3298 1162 3363 S.
1170 3299 1316 3382 AEgidii,

202 3422 308 3466 saeuae
365 3417 428 3480 pro
451 3396 593 3462 civitate
616 3397 827 3477 Tholosana,
852 3417 956 3480 quam
979 3391 1118 3463 *uxoris
1143 3419 1216 3463 suae
1234 3399 1314 3484 jure

365 3497 572 3562 hereditario
590 3497 790 3563 vindicavit.
843 3498 1019 3562 Robertus
1038 3518 1186 3582 namque
1201 3519 1316 3564 comes

365 3591 571 3677 Meritonii,⁶
594 3597 701 3664 frater
722 3597 889 3663 Willelmi
912 3598 971 3682 qui
989 3597 1154 3682 Angliam
1176 3601 1316 3683 conqui-

402 3869 494 3922 ¹That
505 3871 723 3935 is,‘Alphonsum
734 3877 760 3922 et
774 3873 826 3922 Ra·
853 3873 988 3934 Raymund
1017 3873 1046 3922 oi
1072 3874 1221 3935 Barcelona,
1249 3890 1318 3925 meu-

366 3944 455 3992 mirum
466 3943 482 4004 ;’
497 3942 660 3993 D'Acherius.
694 3943 826 3993 Sauchol.
853 3945 1026 3994 tionedinthe
1038 3950 1101 4004 text,
1112 3945 1229 3994 married.

365 4013 395 4062 oi
414 4014 530 4076 Arragon
552 4028 608 4063 was
633 4014 774 4063 succeeded
793 4015 827 4075 by
888 4012 1040 4064 '‘Thoarci
1050 4010 1064 4074 3'
1076 4015 1115 4064 Μ.
1127 4019 1152 4063 et
1162 4015 1195 4065 R.

366 4084 406 4133 his
417 4084 486 4133 three
498 4099 567 4145 sons,
579 4083 664 4133 Pedro
675 4084 699 4133 1.
715 4084 827 4147 Aiphon·
890 4081 901 4115 ³
917 4087 925 4112 ‘
937 4100 995 4145 quae
1006 4080 1019 4146 ς’
1032 4084 1102 4134 D'A.

365 4169 394 4202 so
417 4155 440 4202 1.
462 4154 512 4204 and
541 4155 643 4204 Ramiro
665 4155 713 4214 11,
742 4154 828 4203 whose
889 4151 1117 4217 ⁴‘uxori3'D’A.

365 4223 500 4287 daughter,
520 4226 668 4285 Petroniile,
685 4225 727 4274 the
744 4223 829 4274 Oouut
889 4223 900 4252 ⁶
919 4221 1094 4285 ‘Meritoniis
1118 4221 1184 4275 u’A.
1223 4225 1320 4274 ‘Meri-
