2896 4860
535 404 715 456 nnnnnns.
1037 389 1104 456 273

150 559 299 642 Angliae,
322 562 358 626 in
385 562 546 628 feretrum
574 582 714 628 aureum
738 563 830 648 qnod
859 565 890 629 ei
919 575 1102 648 paraverat

146 670 200 724 ast
230 657 461 727 translatum.¹
512 662 669 728 Joaunes
701 664 744 728 de
769 649 955 741 Warennu,
984 686 1100 743 comes

148 760 297 826 Surreiae
323 755 375 827 ²ct
402 763 571 839 Susexiae,
598 763 749 829 Alanum
776 764 811 829 la
834 765 981 843 Souche,
1007 768 1098 848 regis

142 860 382 944 justitiarium,
415 864 450 926 in
488 863 568 927 aula
599 864 913 942 westmonasterii,
945 867 1098 930 subortis

148 962 239 1025 inter
261 982 321 1026 eos
337 965 463 1040 verbis,
485 983 588 1028 manu
614 965 753 1047 propria
776 965 959 1030 interfecit.
1005 965 1098 1030 Con·

148 1062 300 1140 radinuS,
320 1083 426 1146 nepos
443 1064 615 1128 Frederici
632 1065 712 1129 olim
731 1065 947 1148 imperatoris
964 1086 1009 1130 ex
1026 1066 1099 1132 filio

148 1160 320 1239 Conrado,
344 1173 469 1246 patruo
489 1184 553 1228 suo
578 1164 760 1228 Manfredo
777 1174 925 1243 mortuo,
940 1167 1098 1249 aspirans

147 1262 190 1325 ad
208 1283 350 1345 regnum
370 1264 495 1328 Siciliae
511 1264 643 1329 auxilio
658 1264 940 1342 Teutonicorum,
953 1266 1098 1350 adjunc-

146 1362 191 1426 tis
215 1363 264 1427 eis
289 1365 550 1446 quamplurimis
576 1364 781 1429 Lumbardis
801 1374 836 1430 et
861 1366 999 1443 Tuscis,
1021 1366 1097 1431 Ro-

147 1482 238 1527 mam
271 1483 381 1547 usque
407 1466 582 1547 pervenit:
617 1467 677 1530 ubi
703 1484 782 1529 cum
808 1466 977 1548 imperiali
1004 1487 1097 1533 more

146 1562 344 1628 solemniter
366 1565 488 1629 suisset
514 1574 684 1648 receptus,
711 1566 881 1630 associato
904 1567 970 1630 sibi
998 1586 1097 1631 sana·

145 1672 220 1727 tore
242 1664 336 1727 urbis
360 1664 515 1730 Henrico
538 1666 644 1730 fratre
667 1667 758 1748 regis
776 1665 951 1743 Castellae,
973 1675 1008 1730 at
1025 1667 1096 1732 Ro·

144 1765 255 1828 manis
277 1765 550 1848 quamplurimis,
581 1775 701 1831 contra
729 1786 844 1847 regem
874 1766 1038 1831 Carolum
1060 1769 1096 1831 in

146 1883 249 1929 manu
280 1864 362 1930 forti
385 1864 547 1948 Apuliam
577 1867 741 1944 intravit3
774 1867 835 1930 sed
863 1875 944 1949 post
972 1866 1096 1931 durum

144 1974 336 2048 campestre
370 1965 510 2042 bellum,
540 1965 757 2031 Conradinus
787 1986 865 2030 cum
895 1967 966 2030 suis
998 1975 1097 2050 terga

146 2067 358 2130 vertentibus
383 2067 530 2148 capitur,
553 2073 588 2131 et
613 2086 689 2131 cnm
716 2066 834 2130 multis
859 2066 902 2129 de
930 2069 1098 2148 sanguine

145 2184 209 2229 suo
246 2165 429 2242 nobilibus,
461 2167 565 2250 jussu
600 2166 692 2249 regis
728 2165 857 2240 Caroli,
894 2166 1097 2233 decollatur.

147 2266 322 2330 chricus
347 2274 461 2330 autem
486 2266 593 2331 frater
616 2267 708 2348 regis
730 2265 893 2330 castellae
917 2266 959 2330 de
977 2267 1099 2348 praelio

144 2366 187 2430 ad
214 2374 367 2430 castrum
393 2365 484 2449 fugit
508 2366 713 2444 Cassinum3
738 2367 798 2450 qui
824 2372 946 2448 postea
971 2366 1097 2431 Carolo

144 2466 298 2530 redditus
326 2468 454 2530 carceri
480 2468 705 2549 mancipatur.
759 2465 918 2531 Clemens
944 2486 1047 2549 papa,
1076 2486 1244 2578 samaim

144 2567 307 2647 praesenti
329 2566 446 2630 seculo
463 2568 628 2648 migrans,
646 2566 796 2632 Viterbii
811 2566 969 2644 moritur,
983 2574 1019 2631 et
1033 2568 1098 2631 ibi-

145 2666 280 2729 demin
307 2666 450 2732 fratrum
481 2667 754 2732 Praedicatorum
779 2667 924 2731 ecclesia
949 2667 1097 2733 tumula-

145 2774 212 2830 tur.
266 2765 337 2829 Hic
360 2786 451 2849 papa
476 2768 526 2830 ita
546 2766 687 2849 vigiliis,
705 2767 851 2851 jejuniis
874 2774 910 2831 et
931 2768 1096 2832 orationi·

143 2866 219 2942 bus,
246 2885 287 2930 ac
310 2866 387 2930 aliis
409 2868 570 2949 operibus
595 2869 695 2932 bonis
719 2874 794 2932 erat
816 2868 982 2944 intentus,
1004 2868 1096 2950 quod

144 2966 272 3030 multas
306 2965 559 3044 tribulationes
589 2987 677 3051 quas
705 2975 788 3031 tunc
816 2967 1011 3031 sustinebat
1039 2987 1095 3032 ec·

143 3065 261 3144 clesia,
289 3061 408 3131 ³Dnus
436 3067 508 3130 suis
538 3068 670 3131 meritis
698 3068 850 3132 creditur
874 3068 1096 3132 exstinxisse.

145 3165 215 3244 Qui
241 3167 357 3243 etiam,
380 3186 458 3230 cum
485 3167 584 3231 multi
612 3175 740 3232 statum
767 3168 860 3249 regis
889 3166 1007 3232 Caroli
1032 3188 1096 3250 pro

143 3266 326 3350 desperato
359 3267 536 3343 haberent,
566 3275 641 3331 tum
672 3277 813 3350 propter
842 3267 1096 3332 multitudinem

144 3368 317 3431 exercitus
349 3366 549 3443 Conradini,
580 3374 652 3429 tum
687 3374 828 3449 propter
860 3367 968 3431 totius
999 3386 1097 3449 paene

144 3468 240 3549 regni
255 3466 383 3530 Siciliae
400 3467 631 3543 rebellionem,
653 3467 689 3529 in
705 3465 843 3550 publico
857 3486 1015 3530 sermone
1029 3460 1096 3530 *rei

142 3574 303 3631 eventum
329 3567 502 3650 praedixit.
556 3566 627 3630 Hic
650 3585 741 3648 papa
756 3566 905 3630 Viterbii
927 3567 964 3630 in
988 3566 1097 3630 eccle-

142 3667 195 3730 sia
222 3666 367 3730 fratrum
401 3665 671 3730 praedicatorum
698 3666 917 3730 canonizavit
938 3673 1095 3730 sanctam

181 3925 189 3958 ¹
204 3929 234 3976 Iu
246 3928 288 3977 the
299 3928 341 3977 old
353 3928 437 3977 shrine
446 3927 487 3975 the
498 3927 608 3976 remains

142 3998 171 4048 of
189 3999 277 4060 Henry
301 4014 369 4048 were
391 3998 542 4047 asterwurds
564 3997 607 4045 de·
671 3994 743 4044 ’‘de
754 3995 809 4045 suis
820 3994 916 4043 meritis
926 3989 940 4056 ;'
952 3995 1000 4045 Ar.

143 4069 260 4130 posited;
278 4069 375 4130 wihus,
386 4084 413 4130 p.
425 4073 466 4117 98.

177 4137 187 4165 ²
204 4141 250 4187 ‘et
260 4134 389 4189 Susexiae'
405 4153 447 4187 are
461 4136 564 4187 omitted
582 4137 608 4184 in
669 4135 677 4163 ⁴
694 4136 735 4184 ‘ei
747 4141 868 4185 eventura
877 4128 891 4193 ς’
910 4134 979 4184 D’A.

142 4210 180 4259 M.
194 4209 244 4258 aud
259 4209 305 4260 Ar.

924 4311 947 4358 ‘l'
