2896 4860
517 429 694 477 numanus.
1014 414 1079 477 109

128 609 240 666 nova,
272 610 374 675 quam
405 592 628 656 inchoaverat
652 589 744 672 apud
773 580 1017 668 'laamehutha
1044 598 1078 654 et

127 689 346 756 institutione
368 691 505 774 collegii
527 692 735 757 clericorum.
790 689 1005 770 Margareta,
1029 711 1079 755 re·

127 790 211 870 gina
240 792 464 870 Francorum,
498 791 629 875 peperit
657 790 776 867 lilium,
805 791 941 854 nomine
968 792 1079 856 Ludo

183 1322 257 1386 Dru
271 1323 402 1387 decimo
417 1323 518 1387 tertio
532 1322 555 1387 J
558 1323 703 1399 anuarii,
720 1322 964 1388 convenientes
983 1343 1080 1405 reges
1093 1339 1139 1379 ue
1152 1339 1214 1388 tine·
1223 1339 1248 1380 ot

1093 1391 1172 1430 Pnnce
1181 1391 1223 1430 and

133 1421 317 1507 Philippus
341 1423 550 1488 Francorum
574 1431 609 1487 et
625 1422 800 1487 Henricus
822 1421 1015 1505 Anglorum
1037 1423 1081 1488 ad
1094 1442 1190 1491 rugum

132 1522 341 1607 colloquium
374 1524 464 1588 inter
498 1523 617 1587 Trium
650 1531 685 1587 et
718 1521 924 1600 Gisortium,
960 1494 1188 1588 contrallffl*

133 1624 287 1687 omnium
302 1625 509 1707 opinionem,
521 1625 688 1689 instinctu
703 1623 851 1707 Spiritus
869 1624 1000 1701 Sancti,
1019 1644 1082 1707 pro

133 1724 336 1789 liberatione
351 1725 469 1789 Terrae
484 1724 620 1790 Sanctae
635 1725 757 1790 Crucis
772 1723 1006 1789 characterem
1025 1744 1082 1788 ac-

133 1834 309 1907 ceperunt.
361 1818 466 1889 Multi
489 1825 591 1888 etiam
615 1825 875 1908 archicpiscopi,
894 1825 1009 1901 duces,
1026 1845 1083 1889 co·

135 1924 236 1989 mites
248 1932 284 1989 et
294 1926 452 2002 barones,
463 1925 590 2008 aliique
603 1925 770 1990 inferioris
786 1926 914 2007 gradus
931 1925 1083 1989 homines

136 2026 318 2103 innumeri,
335 2045 436 2090 cruce
456 2027 637 2108 signantur
653 2045 729 2089 cum
745 2027 807 2090 eis.
852 2026 977 2089 Fertur
992 2024 1083 2109 quod

135 2145 198 2190 rex
226 2124 417 2210 Anglorum
442 2127 552 2211 primo
579 2119 797 2209 'susceperat
817 2146 951 2190 crucem
970 2126 1082 2190 albam

136 2228 179 2291 ab
195 2226 460 2311 archiepiscopis
473 2226 622 2310 Tyrensi
639 2234 675 2291 et
692 2226 975 2308 Rothomagensi‚
992 2234 1083 2308 post-

136 2326 276 2391 modum
294 2348 354 2392 rex
374 2328 582 2393 Francorum
599 2328 643 2391 ab
660 2325 925 2409 archiepiscopis
936 2327 1083 2409 Tyrensi

136 2435 172 2492 et
191 2427 353 2493 Remensi
370 2447 504 2493 crucem
527 2429 690 2492 rubeam:
733 2426 914 2509 Philippus
935 2446 1084 2509 quoquo,

137 2548 252 2593 comcs
276 2528 509 2605 Flandrensis,
535 2547 670 2593 crucem
692 2527 847 2602 viridem,
870 2528 915 2590 ab
933 2527 1083 2603 eisdem;

136 2630 173 2693 in
196 2629 366 2693 coloribus
386 2639 501 2694 autem
524 2627 648 2704 crucis,
673 2629 778 2691 ceteri
806 2646 924 2690 omnes
950 2648 988 2691 se
1013 2629 1085 2690 suis

140 2730 350 2812 principibus
360 2723 643 2793 ³consormarunt.
679 2727 775 2792 Obiit
790 2727 973 2804 Ricardus,
988 2727 1085 2790 Win-

139 2828 304 2894 toniensis
326 2829 519 2913 episcopus,
546 2836 699 2912 tempore
726 2822 857 2892 ⁴crucis
881 2828 1086 2909 signationis

139 2929 324 3014 praedicta.
359 2929 439 2994 Rex
456 2928 661 3011 Anglorum,
680 2936 841 3011 suscepta
856 2947 970 3003 cruce,
988 2927 1087 2990 cleri·

139 3050 217 3095 cum
250 3050 348 3095 suum
374 3030 563 3095 Ricardum
594 3030 635 3093 de
661 3023 782 3104 ⁵Bare,
810 3027 1087 3092 archidiaconum

141 3131 408 3208 lluxoviensem
441 3151 502 3214 pro
528 3130 626 3195 salvo
656 3129 828 3194 conductu
851 3121 904 3192 ⁰et
934 3135 1089 3192 mercatu

140 3232 355 3310 victualium,
377 3239 449 3296 tam
472 3252 535 3314 pro
560 3251 597 3295 se
614 3249 716 3312 quam
744 3247 910 3312 proroga
936 3227 1090 3292 Franco-

140 3353 216 3398 rum
243 3334 345 3409 misit,
374 3332 525 3397 scribens
552 3329 815 3414 imperatoribus
845 3328 1028 3393 Frederico
1057 3336 1092 3391 et

142 3434 270 3499 Cursat
288 3432 432 3516 Angelo,
451 3440 633 3516 utrumque
653 3431 894 3513 imperatorem
918 3430 1091 3494 Romano·

142 3554 218 3599 rum
232 3539 384 3616 ‘semper
396 3532 605 3615 Augustum’
621 3551 762 3607 vocans,
781 3530 909 3593 addens
925 3528 1091 3593 tamenin

142 3635 260 3699 littera
282 3624 427 3698 'Cursat
457 3633 673 3716 imperatoris
703 3629 1093 3711 constantinopolitani,

180 3813 187 3844 ¹
207 3816 241 3866 So
260 3815 296 3864 all
314 3813 357 3864 the
375 3814 451 3864 MSS.
467 3814 518 3863 aud
534 3811 603 3862 u’A.
663 3808 734 3858 “et
750 3804 872 3858 mercatu‘
889 3823 932 3857 are
947 3807 1051 3856 omitted
1068 3807 1093 3854 in

143 3886 276 3936 unbem.
299 3886 347 3935 See
358 3884 424 3934 infra
435 3884 469 3934 ad
480 3887 604 3934 bullita.
630 3873 699 3930 D'Ass

178 3967 379 4034 mmm-„tf
392 3972 461 4021 D'A.
663 3946 761 3999 ⁷Isaac
770 3948 818 4011 11,
827 3946 1094 4006 surnamednngelus‚

181 4058 192 4092 a
207 4064 216 4089 ι
223 4059 440 4110 conformaverunt
447 4052 461 4085 ρ
474 4056 512 4106 Ar
630 4035 684 4069 was
696 4020 850 4082 proclaimed
861 4031 975 4079 emperor
984 4016 1010 4063 in
1020 4019 1094 4073 11853

446 4095 453 4116 ’
514 4093 520 4106 '
630 4093 677 4140 hut
695 4106 748 4139 vves
768 4089 917 4139 afterwards
940 4087 1028 4135 driven
1051 4089 1095 4132 out

181 4146 191 4175 ⁴
208 4144 445 4208 ‘wmiffmiffli'i'
458 4143 494 4193 Μ·
502 4147 527 4193 ²²
537 4142 585 4192 ‘4'-
631 4161 682 4209 and
693 4159 815 4222 deprived
824 4159 853 4207 ol
861 4159 901 4206 his
912 4172 973 4218 eyes
985 4157 1010 4203 in
1021 4158 1094 4204 1195.

180 4231 191 4261 ¹
207 4233 304 4283 ‘Bana
312 4227 327 4293 ;'
340 4232 379 4281 Μ.
390 4235 415 4281 et
426 4229 473 4281 Ar.
632 4231 679 4280 See
691 4230 764 4291 inira,
775 4231 808 4279 ad
820 4244 879 4278 auu.
892 4231 965 4276 120³.
