2896 4860
551 398 734 448 eunucus.
1050 384 1118 448 305

166 557 240 622 nuit
266 557 300 620 in
324 557 388 622 hoc
416 557 518 622 bello.
570 557 782 639 Progressus
808 558 931 623 deinde
953 559 1112 642 princeps

165 677 285 721 versus
311 666 434 722 terram
460 659 502 722 de
527 657 650 735 Bueld,
674 678 711 722 se
737 678 813 721 cum
837 660 957 740 paucis
983 660 1027 723 ab
1050 679 1112 723 ex·

165 758 274 821 ercitu
303 758 435 842 reliquo
468 758 668 840 separavit;
703 759 758 822 cui
787 779 864 822 cum
894 778 960 822 sua
988 760 1112 824 militia
1124 771 1252 864 3¹3unoe

164 859 446 940 supervenientes
471 859 601 922 nobiles
630 857 693 921 viri
719 856 873 922 Joannes
897 857 1043 923 Giffardi
1077 870 1213 925 etnam

166 958 367 1022 Edmundus
397 958 440 1022 de
471 958 729 1035 Mortuo-mari,
764 951 864 1022 ¹nihil
895 958 1111 1041 suspicantes

165 1058 207 1122 de
232 1058 399 1141 principe,
426 1059 539 1140 ipsum
566 1077 645 1121 cum
673 1056 777 1122 sociis
805 1077 923 1141 pugna
952 1059 1112 1141 aggredi-

164 1165 261 1222 entes
287 1158 487 1223 occiderunt
510 1157 596 1222 feria
619 1165 721 1222 sexta
743 1165 824 1223 ante
851 1158 977 1222 festum
1000 1161 1110 1223 beatae

166 1257 296 1324 Luciae.
347 1258 518 1340 Principis
542 1265 658 1321 autem
686 1265 766 1340 post
794 1266 950 1335 mortem,
978 1278 1000 1322 a
1027 1279 1110 1341 quo

164 1358 244 1422 dam
273 1358 332 1442 qui
359 1359 523 1422 intererat
548 1359 671 1440 agniti,
694 1365 798 1441 caput
820 1358 1009 1422 abscissum
1036 1359 1109 1441 regi

165 1458 328 1535 defertur,
353 1458 445 1541 quod
473 1456 672 1521 Londonias
695 1460 935 1522 transmissum
958 1459 1109 1541 positum

164 1566 218 1623 est
252 1579 313 1641 per
342 1565 477 1641 tempus
508 1557 647 1640 aliquod
680 1577 784 1640 super
814 1558 947 1622 turrim.
1008 1557 1110 1622 Circa

164 1659 252 1723 idem
282 1668 418 1741 ternpus
446 1658 572 1721 milites
602 1657 742 1741 quidam
772 1657 815 1721 de
837 1658 929 1738 regis
955 1660 1110 1722 exercitu

164 1767 316 1842 pontem,
348 1778 449 1841 quem
483 1777 546 1820 rex
578 1756 813 1834 inchoaverat,
847 1756 999 1820 nondum
1034 1778 1111 1840 per·

164 1859 290 1923 fectum
316 1860 429 1922 minus
453 1857 638 1939 prudenter
660 1858 891 1922 accelerantes
914 1859 1072 1934 transire,
1091 1877 1113 1922 a

164 1959 484 2041 supervenientibus
497 1957 731 2021 Wallensibns
747 1958 866 2038 territi,
880 1957 959 2021 dum
979 1958 1014 2021 in
1028 1958 1113 2021 mul·

165 2058 310 2122 titudine
332 2059 538 2140 conglobata
562 2064 773 2122 revertentes
790 2057 940 2138 fugiunt,
958 2059 1112 2121 submer-

164 2152 320 2239 guntur.²
376 2157 473 2221 Inter
493 2177 580 2240 quos
597 2151 713 2221 ³erant
735 2157 832 2221 miles
855 2157 1111 2221 strenuissimus

164 2258 279 2322 Lucas
293 2258 335 2322 de
350 2258 487 2341 Thany,
504 2270 538 2322 et
550 2259 619 2322 duo
635 2258 791 2340 germani
809 2256 953 2320 Roberti
971 2256 1112 2334 Burnel,

165 2357 406 2421 Batboniensis
423 2357 583 2440 episcopi,
602 2357 729 2440 aliique
745 2357 978 2439 quamplures.

209 2458 289 2522 Hoc
310 2477 401 2521 anno
418 2458 540 2520 beatus
556 2457 720 2532 ThomaS,
736 2449 1021 2521 ⁴Heresordensis
1038 2456 1110 2538 epi·
1126 2474 1259 2564 sqlqnqq

164 2577 302 2641 scopus,
323 2558 358 2621 in
377 2557 433 2623 via
449 2576 570 2621 versus
588 2559 716 2621 curiam
730 2557 773 2621 de
798 2557 958 2639 praesenti
983 2556 1110 2620 saeculo
1125 2536 1138 2564 ⁰
1178 2535 1265 2565 Μ’

164 2678 309 2740 nequam
326 2667 465 2740 ereptus
480 2658 522 2721 ad
541 2677 649 2740 regna
668 2659 831 2739 migravit
849 2656 1017 2731 coelestia,
1032 2675 1108 2720 cum

165 2758 264 2822 annis
292 2766 423 2839 septem
451 2751 589 2839 gregem
619 2758 684 2821 sibi
712 2759 932 2822 commissum
960 2756 1111 2821 sollicita

164 2879 247 2922 cura
271 2859 428 2922 rexisset.
469 2857 551 2934 Hic,
570 2857 741 2921 nobilibus
764 2865 861 2922 ortus
882 2856 1070 2931 natalibus,
1089 2876 1110 2919 a

166 2979 271 3041 puero
300 2959 380 3021 Deo
407 2957 496 3023 vixit
520 2957 677 3021 devotus.
729 2957 842 3023 Studii
867 2964 983 3022 autem
1009 2975 1110 3019 exer·

164 3061 329 3124 citatione
355 3058 547 3121 litterarum
582 3056 766 3139 adquirens
797 3058 968 3141 peritiam,
999 3057 1111 3139 primo

164 3160 197 3222 in
242 3160 374 3224 artibus
415 3157 627 3234 liberalibus,
668 3157 789 3222 deinde
833 3159 867 3221 in
903 3157 984 3240 jure
1021 3157 1112 3218 rexit

200 3337 207 3367 ¹
226 3339 370 3399 According
385 3342 411 3386 to
429 3335 569 3399 Knighton,
591 3336 623 3385 be
649 3335 792 3387 Fauketon.
831 3337 949 3400 Knight,
965 3336 1000 3388 Χ.
1019 3337 1112 3399 Script.

164 3425 219 3460 was
238 3410 303 3458 slain
322 3409 355 3469 by
366 3423 413 3456 one
432 3406 576 3468 Stephanus
592 3406 624 3455 de
650 3409 725 3456 atat.
738 3410 778 3456 18.

234 3493 245 3526 ²
262 3501 269 3522 ⁸
279 3495 362 3544 When
373 3495 415 3543 tlre
426 3493 515 3554 brigge
526 3507 580 3541 was
591 3498 643 3554 ent,
655 3498 682 3541 at
692 3492 773 3554 lnglis
784 3507 839 3541 men
850 3506 907 3553 say,

279 3565 425 3614 Withouten
437 3567 592 3624 avysement,
601 3562 644 3611 the
655 3561 711 3623 brig
722 3563 774 3611 thei
785 3562 846 3610 wild
856 3576 943 3622 assay.

279 3636 340 3683 Sent
350 3636 402 3683 thei
414 3649 462 3683 non
474 3632 568 3693 before,
578 3638 604 3681 to
616 3633 675 3680 wite
685 3631 743 3681 how
755 3633 806 3683 thei
817 3647 857 3681 mo
867 3646 953 3694 passe,

278 3704 412 3753 Thereiore
423 3703 472 3752 lrad
485 3703 536 3752 thei
547 3703 609 3763 lore,
619 3702 658 3750 sor
668 3717 716 3751 non
727 3705 865 3752 avisament
872 3716 964 3751 wasse.

280 3775 356 3823 Forth
367 3780 435 3823 went
445 3773 536 3835 knight
547 3772 598 3821 and
608 3787 698 3833 sueyn,
709 3773 759 3821 and
771 3773 820 3822 tote
831 3788 887 3821 men
899 3773 934 3821 all
945 3773 970 3820 in
983 3772 1044 3833 lere,

278 3845 331 3895 The
343 3842 445 3893 Walsch
457 3857 511 3892 com
523 3842 590 3891 them
602 3858 694 3904 ageyn,
704 3838 748 3892 did
759 3858 805 3892 our
815 3858 871 3891 men
882 3842 918 3891 all
929 3857 1009 3904 arere,

280 3916 346 3965 'l'bat
356 3920 466 3975 turnyng
477 3913 532 3962 ther
542 3913 666 3974 unthanlr,
677 3926 706 3961 as
716 3912 782 3974 hevy
792 3927 847 3962 was
858 3913 900 3961 the
912 3913 1015 3976 charge,

279 3985 368 4035 Under
377 3985 445 4034 them
457 3983 506 4033 alle
518 3984 581 4033 sauli
594 3983 653 4032 both
665 3983 767 4032 battelle
778 3983 827 4032 and
839 3981 936 4044 barge.'

703 4053 820 4115 Langtoit
830 4068 846 4102 a
858 4053 972 4113 Hearne,
983 4068 1008 4115 p.
1019 4055 1077 4102 241.

200 4138 585 4191 ³A11theMss.read‘erat.'
687 4137 775 4188 ⁴This
791 4140 814 4189 is
825 4139 887 4189 from
901 4139 939 4191 Μ.
977 4138 1114 4198 Coatteg.

653 4209 700 4259 has
711 4211 719 4238 ‘
729 4205 944 4260 Herdtordensis!

938 4301 963 4348 X
