2896 4860
504 398 688 448 aurnuns.
1006 384 1074 449 843

123 556 247 621 rorent,
272 548 396 613 nobilis
421 549 561 632 qnidam
584 549 627 615 de
650 550 833 629 Galwidia,
860 552 942 617 dum
961 561 1072 635 portae

124 648 274 713 civitatis
310 650 616 733 appropinquaret,
661 671 749 715 unco
797 652 908 717 ferreo
942 654 987 717 ab
1018 652 1072 718 bis

125 750 183 830 qni
212 768 316 832 super
350 759 486 833 portam
519 760 618 816 erant
648 752 846 829 attrahitur,
878 754 1072 818 confossus-

125 869 191 931 que
222 849 351 914 lanceis
376 859 549 916 cnecatur.
596 852 639 916 In
671 871 808 918 carcere
839 874 920 918 vero
949 853 1072 919 civita·

125 950 170 1013 tis
196 951 335 1032 quidam
358 953 559 1035 explorator
580 952 752 1031 detentus,
780 973 858 1018 cum
886 954 1071 1020 adventum

125 1070 263 1114 suorum
293 1051 459 1130 audisset,
484 1072 655 1118 carcerem
678 1053 840 1131 incendit,
863 1054 963 1139 cnjus
991 1055 1073 1137 igue

128 1150 215 1215 flatu
246 1152 341 1217 venti
374 1153 410 1216 in
438 1153 558 1218 domos
591 1154 678 1219 alias
708 1155 836 1230 delato,
866 1155 960 1219 urbis
991 1173 1073 1239 pars

127 1272 255 1334 magna
286 1262 469 1318 crematur.
533 1254 610 1318 Viri
638 1263 755 1319 tamen
781 1263 816 1319 ct
846 1255 1005 1320 mulieres
1029 1255 1073 1320 ad

129 1373 245 1418 muros
270 1361 511 1419 concurrentes
541 1355 714 1437 lapidibus
742 1361 778 1419 et
804 1356 882 1420 telis
905 1355 1028 1420 Scotos
1053 1374 1075 1419 a

128 1455 235 1518 muris
266 1455 482 1537 propulsant,
515 1456 633 1519 urbem
665 1455 811 1521 viriliter
842 1455 1073 1521 defendentes.
1086 1476 1192 1526 riom

129 1554 224 1619 Scoti
256 1555 412 1619 videntes
451 1574 489 1620 se
521 1574 590 1618 non
619 1555 797 1639 proficere,
827 1555 913 1621 foria
949 1563 1075 1639 quarta
1085 1537 1217 1625 illidi.

130 1656 258 1719 omissa
272 1655 448 1719 obsidione
464 1657 499 1719 in
518 1655 668 1720 Scotiam
685 1655 869 1722 redieruut.
1085 1632 1192 1720 ‘abluis

175 1755 304 1819 Eadem
342 1756 409 1833 die,
444 1755 576 1820 scilicet
607 1756 694 1821 feria
721 1766 849 1839 quarta
878 1758 914 1821 in
947 1756 1177 1821 hebdo-rrmr

130 1855 233 1919 mada
264 1855 422 1932 Paschae,
454 1876 517 1922 rex
550 1876 628 1920 cum
653 1859 810 1922 exercitu
842 1858 1076 1941 progrediens,
1087 1829 1201 1918 lll'ffii-

133 1955 278 2019 transito
312 1956 450 2019 flumine
477 1957 570 2039 quon
598 1956 729 2022 rweda
759 1957 895 2036 dicitur,
926 1959 1077 2022 Scotiam
1088 1930 1146 1969 ¹⁸⁰⁶·

132 2056 307 2137 ingressus
329 2064 403 2129 est;
428 2064 464 2120 et
483 2058 670 2138 burgenses
694 2058 861 2123 Berewici
882 2058 926 2123 ad
957 2077 1077 2141 pacem

132 2157 296 2233 invitans,
325 2177 386 2239 per
416 2157 504 2221 diem
530 2177 636 2221 unum
660 2158 832 2240 integrum
860 2158 1076 2241 expectarit3

133 2257 257 2339 quibus
287 2258 330 2322 ad
360 2277 481 2341 pacem
513 2259 631 2322 venire
667 2258 873 2335 nolentibus,
904 2258 1011 2340 coepit
1041 2258 1077 2321 in

134 2358 188 2421 die
214 2356 363 2422 Veneris
390 2358 483 2422 villae
506 2359 794 2442 appropinquare,
818 2358 899 2423 fixis
922 2358 1079 2423 tentoriis

134 2459 170 2521 in
192 2458 294 2522 domo
318 2458 517 2523 monialium
541 2459 584 2524 de
606 2458 853 2537 Caldestreme,
875 2478 898 2523 a
917 2478 988 2543 qua
1011 2458 1080 2522 dis·

135 2559 233 2623 tabat
257 2558 341 2624 villa
364 2559 531 2624 Berewici
558 2579 620 2643 per
643 2559 819 2624 dimidiam
846 2566 981 2624 tantum
1007 2559 1080 2623 leu-

134 2678 221 2723 cam.
298 2657 522 2724 Adveneruut
557 2668 672 2724 autem
706 2668 742 2724 et
773 2659 897 2741 viginti
931 2667 1081 2741 quatuor
1093 2677 1244 2721 nmmum

135 2779 241 2824 naves
259 2758 421 2842 Angliae3
448 2780 593 2843 quarum
616 2767 731 2824 nautae
752 2760 983 2824 incalescente
1007 2729 1227 2823 sole⁸‘¹³‘¹'¹⁰¹'

136 2861 325 2924 exercitum
355 2860 488 2943 regium
522 2862 558 2926 in
588 2860 737 2944 quadam
767 2860 912 2944 planitie
950 2879 1083 2943 praepa·

136 2968 249 3025 ratum
281 2960 545 3043 conspicientes,
573 2962 632 3026 ubi
660 2980 724 3024 rex
750 2980 860 3026 novos
884 2960 1012 3026 milites
1035 2959 1085 3023 se·

137 3069 244 3138 cerat,
269 3062 482 3126 aestimantes
503 3082 618 3144 regem
640 3061 728 3127 velle
753 3062 844 3126 villae
869 3062 952 3125 dare
975 3060 1085 3124 insul·

138 3170 224 3238 tum,
255 3167 391 3244 portum
416 3162 564 3244 ingressi
592 3162 692 3226 etad
719 3171 846 3227 terram
868 3161 1085 3245 applicantes

138 3262 333 3326 conflictum
370 3263 491 3326 incunt
528 3282 605 3326 curn
640 3261 798 3342 villanis;
843 3262 903 3325 ubi
935 3268 1087 3344 quatuor

138 3365 284 3427 navibus
316 3361 472 3445 perditis,
498 3369 622 3426 cetcrae
648 3381 727 3426 curn
758 3362 893 3426 refluxu
917 3362 1025 3426 salvae
1052 3367 1088 3426 et

139 3463 282 3544 integras
304 3455 552 3527 ¹rcvertuntur.
606 3462 798 3545 Divulgato
824 3472 941 3526 autem
964 3462 999 3525 in
1025 3481 1087 3525 ex·

139 3564 247 3627 crcitu
268 3563 361 3627 l'acto
387 3571 583 3639 nautarum,
604 3583 666 3626 rex
680 3556 828 3645 ²apcrtae
850 3570 952 3626 terrae
975 3568 1088 3626 trans-

139 3683 279 3746 gressus
309 3664 384 3728 sine
417 3663 619 3728 difficultate
654 3662 835 3740 fossatum,
869 3662 962 3745 quod
993 3660 1089 3726 Scoti

172 3894 180 3928 ¹
200 3897 380 3947 ‘retrahuntur
393 3893 412 3959 ;’
434 3898 474 3948 Μ.
499 3902 524 3947 et
540 3897 600 3946 Am:
613 3894 616 3911 '
629 3901 654 3958 9,
665 3896 754 3946 allows
772 3895 814 3943 the
829 3894 881 3944 lons
898 3893 927 3943 ol
935 3894 1005 3944 three
1022 3894 1092 3956 only,

138 3970 213 4018 ‘curn
225 3969 325 4017 refluxu
335 3969 405 4017 lluvii
416 3969 513 4031 integre
525 3973 602 4018 retra·
629 3967 679 4016 and
699 3980 759 4028 says
773 3965 828 4014 that
841 3965 884 4014 the
900 3970 962 4025 rest,
975 3964 1053 4025 thirty
1065 3964 1092 4013 in

140 4040 235 4088 liuntur
245 4034 259 4099 ;’
271 4038 318 4088 Ar.
331 4044 389 4089 220.
412 4040 565 4099 Dunstable,
576 4054 602 4100 p.
630 4039 744 4097 number,
762 4037 871 4097 escaped
890 4041 918 4085 at
934 4036 976 4085 the
994 4035 1050 4085 tlow
1066 4033 1097 4083 oi

141 4115 200 4170 648,
215 4109 303 4158 makes
319 4110 360 4158 tlre
377 4110 429 4159 loss
442 4110 472 4158 ot*
484 4110 604 4172 sbipping
630 4107 745 4157 thetide.

141 4195 209 4230 more
218 4180 368 4231 dinastrous.
392 4180 570 4243 Hemingiord,
578 4195 604 4241 p.
665 4176 676 4207 ²
691 4179 725 4227 ‘a
736 4173 827 4241 partc;'
840 4172 909 4226 D'n.
