2896 4860
534 393 719 445 Anninus.
1039 379 1105 446 393

154 551 332 616 nisterium
355 551 440 616 fides
456 551 664 617 Catholics
654 573 690 616 ιιι
708 551 781 616 suis
804 553 939 618 actibus
962 573 1040 618 cum
1061 575 1103 619 ea
1116 565 1231 656 Remu-d

154 651 213 738 (ut
242 653 384 715 firmiter
426 651 596 716 credimus
627 660 662 719 et
697 649 871 737 tenemus)
903 655 1103 719 maturitate
1115 667 1152 705 th
1127 621 1241 757 mmm·

154 752 321 833 procedit,
353 751 445 835 quod
473 752 559 816 nulli
588 752 828 836 praejudicare,
858 752 918 816 sed
951 755 1103 837 singulo·
1114 716 1267 859 W&

155 872 230 915 rum
256 851 337 935 jura
363 853 559 917 conservari
582 852 666 917 velit
690 852 812 916 illaesa
857 852 948 917 Sene
974 873 1101 919 convo·

154 959 233 1016 cato
255 970 365 1034 nuper
387 972 448 1035 per
473 953 726 1017 serenissimum
751 951 924 1016 dominum
948 961 1101 1021 nostrum

156 1050 377 1130 Edwardum,
397 1053 469 1117 Dur
495 1053 609 1136 gratia
630 1071 746 1134 regem
763 1051 902 1134 Angliae
922 1053 1104 1133 illustrem,

156 1152 384 1234 parliamento
416 1153 508 1237 apud
549 1152 763 1217 Lincolniam
810 1152 974 1233 generali,
1013 1154 1103 1219 idem

156 1252 316 1318 dominus
353 1261 470 1318 noster
507 1252 675 1336 quasdam
707 1251 841 1317 litteras
880 1254 1102 1335 apostolicas,

158 1345 265 1436 ¹quus
287 1373 393 1436 super
414 1354 516 1417 certis
537 1352 699 1435 negotiis,
719 1352 948 1418 conditionem
973 1361 1008 1418 et
1029 1362 1102 1419 sta·

156 1461 230 1517 tum
255 1455 353 1534 regni
377 1453 503 1516 Scotiae
531 1452 765 1533 tangentibus,
789 1472 834 1515 ex
863 1461 980 1516 vestra
1004 1463 1102 1535 parte

155 1561 344 1636 receperat,
377 1554 412 1616 in
444 1552 555 1616 medio
581 1550 748 1628 exhiberi,
781 1570 822 1615 ac
853 1552 981 1617 seriose
1004 1555 1102 1618 nobis

156 1652 237 1717 secit
264 1654 403 1736 exponi.
455 1652 590 1731 Quibus
618 1649 746 1715 auditis
772 1659 807 1714 et
828 1650 1027 1731 diligentius
1049 1654 1102 1716 in·

156 1753 312 1829 tellectis,
342 1761 413 1817 tam
438 1753 594 1816 sensibus
616 1750 743 1815 nostris
766 1750 981 1828 admiranda,
998 1772 1100 1835 quum

156 1852 323 1917 hactenus
347 1853 515 1930 inaudita,
547 1853 582 1915 in
613 1852 663 1915 eis
693 1849 889 1915 audivimus
923 1853 1100 1917 contineri.

156 1952 292 2016 Scimus
331 1953 431 2029 enim,
465 1959 563 2034 pater
595 1951 822 2027 sanctissime,
861 1961 896 2016 et
929 1954 1102 2017 notorium

157 2054 192 2117 in
214 2053 370 2135 partibus
393 2051 531 2128 nostris,
556 2070 597 2114 ue
624 2049 798 2114 nonnullis
816 2051 893 2116 aliis
912 2072 982 2115 non
1003 2053 1103 2134 igno·

158 2161 231 2218 tum
253 2153 383 2226 existit,
398 2152 502 2235 quod,
525 2170 547 2214 a
563 2150 675 2232 prims
690 2150 906 2215 institutione
920 2154 1016 2234 regni
1031 2152 1103 2218 An·

157 2255 249 2336 gliae,
275 2271 373 2334 reges
392 2250 546 2335 ejusdem
568 2251 676 2330 regni,
699 2257 770 2313 tam
790 2252 1000 2333 temporibus
1025 2254 1102 2318 Bri·

157 2362 277 2418 tonum
305 2371 409 2435 quam
441 2350 644 2433 Anglorum,
683 2349 842 2431 superius
872 2359 906 2414 et
935 2352 1101 2418 directum

157 2453 344 2518 dominium
377 2452 474 2534 regni
510 2451 638 2515 Scotiee
677 2449 872 2513 habuerunt
901 2451 936 2514 in
966 2472 1103 2534 posses·

157 2552 266 2628 sione,
291 2551 346 2617 vel
375 2550 546 2634 capitanei
568 2549 820 2632 superioritatis
850 2558 885 2614 et
913 2544 1012 2615 ²recti
1041 2552 1102 2618 do-

158 2653 253 2716 minii
282 2653 391 2735 ipsius
420 2649 547 2714 Scotiae
569 2649 774 2713 successivis
802 2652 1013 2733 temporibus
1040 2673 1102 2717 ex·

157 2753 330 2828 stiterunt,
355 2770 418 2815 nee
438 2750 518 2813 ullis
536 2748 746 2832 temporibus
766 2750 877 2831 ipsum
898 2770 1043 2832 regnum
1067 2753 1103 2818 in

156 2851 402 2935 temporalibus
430 2848 596 2933 pertinuit
624 2848 680 2913 vel
706 2850 853 2931 pertinet
877 2852 1001 2932 quovis
1022 2852 1103 2936 jure

156 2953 199 3016 ad
234 2951 413 3016 ecclesiam
442 2948 685 3032 supradictam.
766 2948 860 3027 Quin
885 2949 990 3015 immo
1012 2952 1102 3017 idem

155 3071 299 3133 regnum
324 3051 450 3115 Scotiae
473 3049 749 3133 progenitoribus
771 3047 854 3114 dicti
872 3050 965 3131 regis
979 3044 1102 3118 ³nostri

157 3152 295 3234 regibus
331 3149 468 3231 Angliae
500 3157 605 3231 atque
635 3149 700 3213 sibi
727 3146 861 3212 feodale
893 3151 1030 3216 exstitit
1057 3154 1101 3217 ab

156 3252 310 3334 antiquo.
363 3248 439 3313 Nec
450 3248 553 3312 etiam
571 3267 670 3329 reges
686 3248 880 3325 Scotorum,
895 3258 931 3314 et
946 3270 1102 3334 regnum,

156 3353 234 3416 aliis
257 3370 361 3433 quam
387 3349 525 3431 regibus
549 3346 689 3428 Angliae
712 3346 917 3414 subfuerunt
940 3352 994 3415 vel
1020 3355 1101 3418 sub·

151 3453 213 3537 jici
243 3455 517 3527 consueverunt3
555 3467 667 3530 neque
698 3465 797 3527 reges
832 3446 970 3530 Angliae
998 3470 1102 3534 super

150 3553 289 3636 juribus
319 3550 391 3614 suis
418 3549 454 3613 in
484 3567 590 3628 regno
625 3545 803 3630 proedicto,
832 3556 894 3611 aut
922 3549 1000 3613 aliis
1029 3552 1101 3616 suis

155 3650 413 3736 temporalibus,
440 3668 556 3713 coram
578 3648 695 3730 aliquo
719 3646 837 3731 judice
869 3649 1101 3716 ecclesiastico

155 3754 210 3818 vel
238 3750 408 3826 soeculari,
437 3768 480 3813 ex
513 3748 771 3831 praeeminentia
803 3756 915 3813 status
945 3769 1017 3813 suae
1048 3770 1101 3815 re·

154 3854 222 3934 giee
246 3850 437 3933 dignitatis,
462 3857 498 3913 et
523 3847 780 3914 consuetudinis
808 3849 942 3913 cunetis
968 3858 1099 3934 tempo-

191 4053 296 4114 ¹‘ques
314 4066 392 4112 snper
411 4051 487 4100 certis
505 4051 613 4134 negotiis
674 4045 839 4109 '‘direcur
856 4050 933 4101 Hem.
953 4055 1038 4103 187ιι
1047 4068 1102 4105 rec·

153 4124 293 4175 conditione
280 4136 320 4169 em
338 4125 364 4170 et
382 4126 475 4169 statum
493 4122 564 4181 regni
581 4135 613 4169 ex
640 4113 769 4177 titudiui,’
787 4119 862 4170 Mett.
874 4121 953 4172 west.

153 4199 239 4244 nostru
248 4198 319 4255 parte
331 4197 476 4254 receperat
478 4186 566 4241 ’.ΠΛ
675 4186 823 4251 ”sesnin
828 4185 925 4242 ’.wm
