2896 4860
545 397 728 448 suasore.
1047 387 1114 452 293

157 552 258 631 rium,
290 554 427 619 obsides
459 556 661 639 postulavit.
729 555 831 635 Quod
869 577 931 621 rex
969 557 1109 641 indigna

156 653 280 732 sercnS,
313 656 529 721 dissimulato
563 658 715 738 nogotio,
749 655 946 722 Loudouias
981 660 1108 741 parlia-

155 763 309 820 mentum
331 766 521 837 convocat;
546 756 580 820 in
598 757 772 840 quainter
795 757 863 820 alia
884 758 1004 836 multa,
1029 780 1108 843 quae

155 855 199 918 ad
218 857 403 921 utilitatem
422 859 518 939 regni
534 857 576 921 de
593 877 735 921 assensu
753 857 986 940 praelatorum,
1000 862 1106 924 comi·

145 963 240 1032 tum,
252 964 287 1020 et
298 957 477 1035 baronum,
489 964 624 1021 statuta
636 964 730 1034 suut,
741 955 923 1022 inhibitum
943 968 997 1022 est
1010 960 1107 1025 neda

155 1063 270 1119 cetero
292 1059 528 1140 possessiones
552 1065 719 1122 terrarum
742 1077 803 1120 seu
826 1057 1009 1135 redituum,
1030 1061 1106 1125 sine

154 1155 297 1237 speciali
310 1159 402 1239 regis
416 1157 568 1233 licentia,
584 1158 628 1221 ad
645 1177 783 1221 uranum
800 1168 971 1222 mortuam
986 1159 1104 1225 devol-

155 1267 291 1320 vantur.
344 1257 527 1321 Vocantur
558 1266 671 1321 autem
703 1265 838 1321 statuta
868 1258 903 1320 in
933 1257 997 1322 hoc
1026 1279 1104 1342 par·
1117 1282 1217 1324 meum

153 1356 317 1420 liameuto
344 1356 435 1421 edita
463 1357 622 1421 ‘Statura
646 1358 944 1423 westmonasterii
972 1337 1241 1441 prima'ir‘llll'u‘l‘

155 1454 241 1519 Post
258 1457 521 1539 parliamentum
542 1478 613 1532 rex,
633 1466 672 1522 ut
689 1459 835 1542 principi
854 1458 992 1524 liberior
1008 1461 1052 1524 ad
1068 1481 1105 1525 sa
1117 1441 1166 1476 '¹⁰¹'

153 1563 287 1637 pateret
315 1577 487 1633 accessus
517 1556 687 1622 Cestriam
714 1578 836 1640 usque,
863 1560 1001 1641 quaein
1026 1580 1105 1625 cou-

152 1655 235 1720 finio
251 1656 389 1721 Walliae
412 1659 481 1721 sita
503 1665 568 1735 est,
591 1658 822 1741 progreditur,
842 1659 1024 1742 missisque
1042 1662 1104 1726 ite·

152 1776 227 1819 rum
247 1759 375 1820 nuntiis
398 1757 594 1839 homagium
621 1760 665 1822 ab
691 1753 748 1823 ¹eo
763 1759 902 1841 exegit:
927 1779 996 1842 quo
1013 1761 1104 1842 regis

153 1857 323 1921 mandatis
344 1877 465 1941 parere
480 1852 723 1937 ²detrectaute,
741 1880 803 1924 rex
818 1860 1008 1924 exercitum
1024 1881 1105 1926 cou-

152 1965 265 2034 vocat,
287 1959 473 2041 disponens
493 1958 719 2040 denegantem
745 1961 809 2023 sibi
836 1959 1033 2043 homagium
1061 1963 1104 2027 de

151 2077 214 2122 suo
231 2058 331 2123 feodo
346 2060 531 2142 principem
550 2079 763 2143 expugnare.

201 2158 331 2223 Eodem
363 2179 454 2223 auno
479 2162 514 2224 in
547 2162 703 2243 partibus
732 2161 942 2225 australibus
963 2159 1228 2243 Angliaemaan-

149 2266 185 2323 et
202 2259 471 2324 occidentalibus
496 2268 596 2325 terrae
617 2273 732 2327 motus
756 2262 927 2326 horribilis
944 2262 1103 2343 contigit,
1114 2240 1192 2290 ‘mm'

151 2358 236 2424 seria
262 2369 387 2443 quarta
412 2361 501 2424 iufra
525 2370 684 2427 octavam
714 2361 920 2426 Natiuitatis
945 2361 1104 2443 Virginis

150 2459 322 2542 gloriosae.
384 2460 633 2527 Pestilentialis
670 2464 776 2527 etiam
813 2461 982 2544 aegritudo
1019 2482 1103 2527 oves

150 2580 355 2625 consumens
373 2563 489 2625 scabie
505 2571 587 2627 tunc
609 2557 764 2646 incepit³
816 2561 912 2626 Obiit
927 2562 992 2626 hoo
1009 2581 1102 2628 anuo

149 2660 306 2725 Joanues
323 2656 508 2740 *Bretoum
534 2662 799 2727 Heresordeusis
822 2663 1015 2746 episcopus,
1040 2665 1100 2747 qui

150 2761 334 2824 admodum
366 2765 496 2845 peritus
528 2765 564 2827 iu
588 2763 725 2846 juribus
748 2759 951 2843 Anglicanis
975 2763 1100 2828 librum

149 2859 191 2924 de
218 2861 268 2925 eis
296 2865 500 2946 conscripsit
521 2864 714 2948 perutilem.
761 2862 826 2927 Cui
847 2864 1014 2927 successit
1031 2883 1101 2928 ma·

149 2962 258 3041 gister
288 2963 442 3027 Thomas
472 2963 514 3027 da
546 2950 745 3046 cautilupo,
776 2963 896 3028 doctor
929 2964 965 3026 in
1001 2982 1102 3028 sacra

150 3060 336 3144 theologia,
360 3063 414 3126 vir
435 3064 559 3128 nobilis
579 3083 717 3146 genera,
739 3063 799 3128 sed
823 3064 931 3127 multo
954 3064 1102 3128 nobilior

148 3163 300 3226 moribus
324 3164 497 3246 animique
519 3165 658 3228 virtuto.
709 3163 821 3228 Solvit
841 3165 906 3228 hoc
925 3183 1016 3228 anno
1038 3184 1101 3248 po-

149 3262 252 3345 pulus
283 3263 356 3343 regi
382 3263 539 3346 quintam
567 3264 733 3328 decimam
763 3273 895 3346 partem
923 3266 1102 3344 bonorum,

149 3380 227 3443 quae
242 3365 333 3445 patri
349 3384 412 3427 suo
427 3363 606 3427 dicebatur
621 3383 794 3428 concessa.

185 3528 340 3592 ¹‘eodem3’
352 3534 389 3581 M.
636 3537 690 3580 tum
702 3525 1103 3596 exunctoreteri,(etalehog'r-

183 3598 193 3629 ¹
209 3598 611 3665 ‘decretaute;'h1.,Ar.,etAr.
637 3616 735 3663 greeae,
750 3599 873 3663 Hearne,)
889 3605 915 3649 et
926 3603 983 3650 rivo
997 3605 1101 3663 argento

147 3676 206 3724 220.
636 3678 662 3721 et
675 3671 825 3733 verdegrez;
843 3675 869 3718 et
879 3670 937 3720 inde
955 3671 1101 3731 ubicunque

183 3741 194 3771 ³
209 3743 263 3791 The
275 3744 415 3793 chronicler
430 3742 460 3792 oi
470 3743 613 3793 Dunstable
636 3743 736 3791 scabies
743 3740 1023 3801 demonstrabatlocnm
1031 3741 1103 3789 illum

149 3814 221 3875 gives
237 3828 253 3861 a
271 3815 368 3876 receipt
386 3813 425 3862 ior
439 3813 481 3862 the
505 3828 565 3862 cure
588 3813 617 3862 ol
638 3813 766 3872 unximus,
782 3816 808 3859 et
825 3811 927 3872 prurigo
944 3823 1003 3857 mox
1019 3823 1104 3859 cessa·

148 3883 201 3933 thir
235 3886 357 3940 murraiu,
389 3883 422 3931 ad
450 3898 510 3933 auu.
540 3887 614 3933 1283.
637 3884 682 3932 rit.
718 3881 768 3930 Sed
785 3886 871 3931 contra
887 3880 956 3928 illam
973 3880 1104 3929 infirmita·

147 3954 257 4004 ‘Contra
269 3956 455 4015 scabiem,quae
465 3955 615 4016 generaliter
637 3958 696 4014 tem,
720 3967 778 4013 qnae
800 3956 902 4013 propter
927 3949 1104 3998 humiditatem

148 4038 235 4074 omues
248 4038 309 4073 ores
320 4023 423 4086 Angliae
434 4028 562 4084 presserat
571 4038 616 4084 per
637 4022 743 4083 contigit
748 4016 804 4090 (the
812 4014 937 4088 loct-rot),
944 4021 980 4068 nil
986 4014 1103 4071 valebat.¹

148 4096 307 4157 septennium
330 4094 488 4156 praecedens,
510 4093 616 4143 remedi·
639 4094 671 4143 P.
683 4095 741 4141 tas.
1135 4150 1137 4155 Ι

150 4180 192 4213 nm
214 4165 352 4214 didicimus
370 4178 517 4226 quanquam
536 4163 615 4213 tarde.
673 4159 683 4190 ⁴
698 4156 837 4219 ‘Brutum'
848 4155 915 4209 n’l.
927 4176 933 4208 ε
946 4159 1079 4209 ‘Bartouu
1088 4153 1104 4221 ἰ

151 4235 269 4286 Fecimus
279 4235 346 4285 enim
358 4235 486 4296 quoddam
503 4248 616 4297 unguen·
640 4233 697 4283 ht:
714 4231 827 4280 ‘Bartou
838 4224 852 4289 ;‘
865 4232 913 4280 Ar.
