2896 4860
366 380 412 446 96
732 397 806 447 ruo.
824 399 971 448 sarvam

200 588 295 639 nemu
365 581 434 626 non
469 561 666 625 flecteretur
698 560 867 644 precibus,
903 562 967 627 hoc
1003 561 1192 646 respondit,
1231 562 1327 643 Quia

364 661 435 727 illae
452 661 596 726 cortinae
614 660 706 725 circa
720 661 846 726 lectum
868 662 989 727 uxoris
1011 682 1096 740 suae,
1117 682 1196 746 quae
1216 684 1329 748 nuper

367 761 475 825 filium
500 768 694 845 pepererat,
720 761 960 840 tendebantur,
983 782 1045 827 nec
1073 763 1154 827 inde
1183 771 1326 847 possent

365 862 586 944 aliquatenus
603 861 764 926 amoveri.
816 862 981 927 Transita
998 863 1104 944 igitur
1120 862 1324 943 festivitate,

364 970 466 1026 nocte
487 962 646 1045 proxima
662 962 764 1026 beata
780 960 892 1045 Virgo
909 963 1011 1027 uxori
1028 962 1120 1028 illius
1138 964 1320 1046 burgensis

365 1081 550 1145 apparens,
565 1060 615 1126 sic
633 1081 709 1126 eam
727 1061 915 1145 alloquitur
930 1082 938 1128 ι
955 1063 1039 1126 ‘Vir
1050 1071 1129 1127 tuus
1143 1071 1323 1146 peccatum

364 1162 496 1246 grande
526 1162 709 1240 commisit,
741 1182 804 1226 nec
832 1163 1019 1246 impietatis
1049 1163 1124 1247 ejus
1157 1183 1323 1228 excessus

363 1263 513 1345 relinqui
546 1262 675 1345 poterit
708 1262 910 1346 impunitus.
962 1263 1083 1328 Tertio
1114 1262 1233 1345 itaque
1267 1263 1323 1328 die

364 1364 530 1427 morietur
547 1361 639 1425 filius
659 1370 750 1439 tuus,
774 1370 810 1427 et
832 1363 886 1426 vir
908 1371 989 1427 tuus
1011 1362 1066 1426 die
1083 1370 1208 1427 octavo
1225 1362 1323 1428 debi-

364 1469 438 1527 tum
461 1463 582 1526 mortis
603 1462 728 1539 solvet,
750 1481 873 1544 poenas
890 1462 998 1547 juxta
1019 1463 1143 1526 merita
1164 1472 1320 1546 receptu·

364 1581 433 1626 rus.
485 1562 539 1625 Tu
563 1569 680 1626 autem
704 1562 920 1645 proficiscere
941 1563 985 1627 ad
1005 1562 1184 1627 ecclesiam
1208 1583 1319 1627 meam

364 1661 399 1725 in
426 1661 617 1738 Bethleem,
635 1668 671 1725 et
693 1663 887 1745 conspectis
912 1663 959 1727 ibi
979 1662 1089 1726 tribus
1117 1663 1321 1745 sepulchris,

365 1761 428 1825 tibi
456 1762 604 1825 medium
638 1761 755 1844 eliges.
821 1761 963 1826 Interim
994 1782 1076 1827 vero
1109 1763 1202 1827 omni
1233 1763 1321 1829 feria

365 1869 503 1943 quarta,
521 1862 613 1925 circa
629 1860 748 1925 horam
772 1882 909 1939 nonam,
928 1862 1064 1927 deficiet
1088 1855 1140 1926 ¹in
1164 1870 1199 1927 te
1217 1864 1321 1946 spiri-

365 1968 422 2025 tus
442 1969 536 2039 tuus,
559 1968 594 2025 et
616 1961 774 2025 decurret
798 1963 842 2026 ab
864 1981 924 2025 ore
943 1970 1003 2027 tuo
1024 1971 1059 2027 et
1079 1963 1219 2026 naribus
1241 1983 1324 2028 san-

365 2063 456 2143 guis,
482 2068 517 2126 et
538 2081 648 2144 usque
672 2062 716 2124 ad
746 2081 870 2127 nonam
898 2063 1033 2127 sabbati
1059 2062 1155 2127 velut
1182 2072 1321 2128 mortua

364 2162 600 2244 permanebis3
619 2163 763 2226 sabbato
781 2181 864 2226 vero
881 2162 999 2226 eadem
1016 2161 1101 2226 hora
1118 2163 1320 2228 restituetur

364 2261 507 2344 spiritus
531 2270 611 2326 tuus
635 2260 720 2326 tibi?
764 2262 833 2326 His
858 2261 959 2326 dictis
986 2264 1088 2326 beata
1113 2261 1225 2343 Virgo
1252 2262 1322 2326 dis-

364 2362 491 2444 paruit.
544 2361 673 2426 Mulier
688 2381 770 2426 vero
792 2364 915 2426 timore
935 2361 1040 2425 nimio
1062 2361 1319 2444 expergefacta,

362 2463 532 2525 somnium
551 2470 724 2544 repetens,
749 2462 834 2525 illud
854 2461 891 2524 in
914 2462 1065 2526 crastino
1089 2461 1230 2544 conjugi
1253 2482 1317 2528 suo

362 2580 425 2643 per
447 2561 599 2625 ordinem
619 2562 817 2641 enarravit;
844 2560 903 2644 qui
920 2560 1072 2625 mulieris
1089 2561 1195 2625 verba
1217 2562 1318 2645 parvi

362 2661 527 2742 pendens,
549 2681 612 2725 nec
634 2661 736 2725 etiam
762 2681 840 2726 cum
860 2661 990 2724 videret
1009 2661 1110 2726 tertio
1133 2660 1189 2725 die
1210 2662 1318 2727 filium

363 2761 565 2826 morientem
582 2761 624 2824 ad
644 2761 882 2843 poenitentiam
900 2768 1103 2838 commotus,
1120 2767 1246 2826 octavo
1262 2762 1319 2829 die

358 2858 464 2942 juxta
481 2861 647 2924 visionem
670 2868 916 2943 praeostensam
934 2860 1085 2925 debitum
1106 2862 1227 2925 mortis
1249 2863 1322 2927 sol·

363 2961 425 3024 vit.
477 2959 605 3025 Mulier
620 2960 744 3024 marito
759 2960 920 3025 defuncto
943 2961 1091 3025 Romam
1109 2961 1206 3038 adiit,
1226 2980 1321 3027 sum-

363 3078 487 3143 moque
501 3060 655 3144 pontifici
674 3080 745 3124 rem
760 3062 911 3125 revelat:
940 3060 1185 3143 praenuntiavit
1200 3060 1318 3141 etiam,

362 3178 453 3223 anno
482 3161 603 3243 quinto
628 3167 709 3244 post
733 3160 843 3239 illum,
866 3161 991 3224 samem
1017 3160 1318 3245 pestilentiamque

361 3258 522 3323 suturam.
576 3260 728 3344 Cupiens
761 3259 986 3344 Apostolicus
1015 3261 1141 3325 certior
1168 3280 1244 3325 esse
1276 3261 1319 3327 de

361 3358 426 3435 his,
442 3378 521 3441 quae
539 3360 694 3423 narravit
715 3360 849 3436 mulier,
868 3359 1044 3425 duodecim
1070 3360 1237 3425 matronis
1259 3381 1318 3426 uo-

361 3457 487 3522 bilibus
520 3479 595 3522 eam
630 3460 906 3538 commendavit3
942 3459 1145 3544 praecipiens
1177 3461 1240 3540 eis,
1276 3471 1316 3528 ut

360 3576 438 3621 cum
473 3557 535 3622 illa
571 3558 749 3624 deficiente
780 3559 904 3642 spiritu
936 3559 1156 3639 obdormiret,
1188 3561 1318 3644 plantis

359 3657 436 3739 ejus
462 3658 614 3723 calentes
640 3659 782 3723 subulas
805 3658 998 3743 infigerent,
1023 3668 1058 3725 et
1080 3659 1123 3725 de
1149 3663 1318 3744 sanguine

361 3756 491 3822 fluente
515 3759 559 3822 ab
586 3777 645 3822 ore
665 3766 699 3823 et
723 3760 863 3823 naribus
885 3758 1021 3841 aliquas
1037 3768 1153 3824 vestes
1171 3760 1320 3845 intinge-

360 3863 449 3923 rent.
506 3857 596 3923 Haec
622 3878 699 3923 cum
727 3858 900 3937 fecissent,
927 3858 988 3922 illa
1016 3860 1140 3923 necin
1165 3861 1320 3943 persora-

361 3956 456 4021 tione
485 3959 681 4041 plantarum
705 3966 759 4023 est
781 3966 888 4036 mota,
912 3977 976 4023 nec
1003 3958 1143 4025 infectio
1168 3963 1316 4027 vestium

727 4182 736 4215 ¹
752 4184 829 4233 ‘vitae
841 4184 858 4245 ;'
875 4183 944 4234 D'A.
