<?xml version="1.0" encoding="UTF-8"?>
<!DOCTYPE html PUBLIC "-//W3C//DTD XHTML 1.0 Transitional//EN"
    "http://www.w3.org/TR/xhtml1/DTD/xhtml1-transitional.dtd">
<html xmlns="http://www.w3.org/1999/xhtml" xml:lang="en" lang="en">
 <head>
  <title>
</title>
<meta http-equiv="Content-Type" content="text/html;charset=utf-8" />
  <meta name='ocr-system' content='tesseract 3.04.00' />
  <meta name='ocr-capabilities' content='ocr_page ocr_carea ocr_par ocr_line ocrx_word'/>
</head>
<body>
  <div class='ocr_page' id='page_1' title='image "./fnicholaitrivet01trivgoog_0059.png"; bbox 0 0 2896 4860; ppageno 0'>
   <div class='ocr_carea' id='block_1_1' title="bbox 159 863 247 953">
    <p class='ocr_par' dir='ltr' id='par_1_1' title="bbox 159 863 247 953">
     <span class='ocr_line' id='line_1_1' title="bbox 159 863 247 953; baseline 0.023 -2"><span class='ocrx_word' id='word_1_1' title='bbox 159 863 247 953; x_wconf 62' lang='lat' dir='ltr'>itu„</span> 
     </span>
    </p>
   </div>
   <div class='ocr_carea' id='block_1_2' title="bbox 678 413 916 462">
    <p class='ocr_par' dir='ltr' id='par_1_2' title="bbox 678 413 916 462">
     <span class='ocr_line' id='line_1_2' title="bbox 678 413 916 462; baseline -0.008 -1"><span class='ocrx_word' id='word_1_2' title='bbox 678 413 749 462; x_wconf 80' lang='lat' dir='ltr'>Nic.</span> <span class='ocrx_word' id='word_1_3' title='bbox 768 413 916 460; x_wconf 78' lang='lat' dir='ltr'>TRlVll&#39;l&#39;l</span> 
     </span>
    </p>
   </div>
   <div class='ocr_carea' id='block_1_3' title="bbox 349 581 1245 812">
    <p class='ocr_par' dir='ltr' id='par_1_3' title="bbox 349 581 1245 812">
     <span class='ocr_line' id='line_1_3' title="bbox 349 599 1245 638; baseline -0.002 -1"><span class='ocrx_word' id='word_1_4' title='bbox 349 602 374 638; x_wconf 82' lang='lat' dir='ltr'>D.</span> <span class='ocrx_word' id='word_1_5' title='bbox 388 603 413 638; x_wconf 82' lang='lat' dir='ltr'>ll.</span> <span class='ocrx_word' id='word_1_6' title='bbox 424 603 444 638; x_wconf 79' lang='lat' dir='ltr'>J.</span> <span class='ocrx_word' id='word_1_7' title='bbox 455 601 479 638; x_wconf 83' lang='grc'>0.</span> <span class='ocrx_word' id='word_1_8' title='bbox 567 601 592 638; x_wconf 74' lang='grc' dir='ltr'>Ρ.</span> <span class='ocrx_word' id='word_1_9' title='bbox 605 600 767 636; x_wconf 72' lang='grc' dir='ltr'><strong>ΒΟΜΑΗΟΒΗΜ</strong></span> <span class='ocrx_word' id='word_1_10' title='bbox 781 600 806 636; x_wconf 72' lang='grc' dir='ltr'>Β.</span> <span class='ocrx_word' id='word_1_11' title='bbox 901 599 1053 635; x_wconf 76' lang='lat' dir='ltr'>ratucoaute</span> <span class='ocrx_word' id='word_1_12' title='bbox 1107 599 1245 635; x_wconf 67' lang='lat' dir='ltr'>taurosum</span> 
     </span>
     <span class='ocr_line' id='line_1_4' title="bbox 372 581 1237 812; baseline -0.002 -88"><span class='ocrx_word' id='word_1_13' title='bbox 372 688 460 724; x_wconf 72' lang='lat' dir='ltr'>noun.</span> <span class='ocrx_word' id='word_1_14' title='bbox 519 687 671 724; x_wconf 70' lang='lat' dir='ltr'>enesaunt.</span> <span class='ocrx_word' id='word_1_15' title='bbox 699 686 830 722; x_wconf 70' lang='lat' dir='ltr'>treberici</span> <span class='ocrx_word' id='word_1_16' title='bbox 842 581 1086 812; x_wconf 90' lang='lat' dir='ltr'>l.</span> <span class='ocrx_word' id='word_1_17' title='bbox 1114 687 1237 723; x_wconf 64' lang='lat' dir='ltr'>mutiunt</span> 
     </span>
     <span class='ocr_line' id='line_1_5' title="bbox 600 747 1196 793; baseline -0.002 0"><span class='ocrx_word' id='word_1_18' title='bbox 600 779 607 793; x_wconf 88' lang='lat'><strong>.</strong></span> <span class='ocrx_word' id='word_1_19' title='bbox 783 777 790 793; x_wconf 86' lang='lat'><strong>.</strong></span> <span class='ocrx_word' id='word_1_20' title='bbox 960 747 999 793; x_wconf 86' lang='lat' dir='ltr'>lo.</span> <span class='ocrx_word' id='word_1_21' title='bbox 1189 781 1196 793; x_wconf 90' lang='lat'>.</span> 
     </span>
    </p>
   </div>
   <div class='ocr_carea' id='block_1_4' title="bbox 373 866 1274 951">
    <p class='ocr_par' dir='ltr' id='par_1_4' title="bbox 373 866 1274 951">
     <span class='ocr_line' id='line_1_6' title="bbox 373 866 1274 951; baseline -0.001 -18"><span class='ocrx_word' id='word_1_22' title='bbox 373 868 585 945; x_wconf 70' lang='lat' dir='ltr'>Hermone,</span> <span class='ocrx_word' id='word_1_23' title='bbox 597 866 823 932; x_wconf 82' lang='lat' dir='ltr'>Normanniae</span> <span class='ocrx_word' id='word_1_24' title='bbox 834 867 918 946; x_wconf 87' lang='lat' dir='ltr'>dux,</span> <span class='ocrx_word' id='word_1_25' title='bbox 929 868 1157 951; x_wconf 83' lang='lat' dir='ltr'>imperatricis</span> <span class='ocrx_word' id='word_1_26' title='bbox 1168 869 1274 945; x_wconf 88' lang='lat' dir='ltr'>filius,</span> 
     </span>
    </p>
   </div>
   <div class='ocr_carea' id='block_1_5' title="bbox 160 963 1273 1254">
    <p class='ocr_par' dir='ltr' id='par_1_5' title="bbox 160 963 1273 1254">
     <span class='ocr_line' id='line_1_7' title="bbox 160 963 1273 1053; baseline 0 -20"><span class='ocrx_word' id='word_1_27' title='bbox 160 963 262 1013; x_wconf 47' lang='grc' dir='ltr'>ΜΝ</span> <span class='ocrx_word' id='word_1_28' title='bbox 322 969 366 1033; x_wconf 87' lang='lat' dir='ltr'>ad</span> <span class='ocrx_word' id='word_1_29' title='bbox 389 989 533 1053; x_wconf 85' lang='lat' dir='ltr'>regnum</span> <span class='ocrx_word' id='word_1_30' title='bbox 551 967 703 1050; x_wconf 81' lang='lat' dir='ltr'>Angliae,</span> <span class='ocrx_word' id='word_1_31' title='bbox 725 969 816 1050; x_wconf 92' lang='lat' dir='ltr'>quod</span> <span class='ocrx_word' id='word_1_32' title='bbox 844 969 910 1032; x_wconf 87' lang='lat' dir='ltr'>sibi</span> <span class='ocrx_word' id='word_1_33' title='bbox 933 977 1090 1032; x_wconf 84' lang='lat' dir='ltr'>materno</span> <span class='ocrx_word' id='word_1_34' title='bbox 1111 968 1192 1052; x_wconf 90' lang='lat' dir='ltr'>jure</span> <span class='ocrx_word' id='word_1_35' title='bbox 1215 968 1273 1033; x_wconf 89' lang='lat' dir='ltr'>de-</span> 
     </span>
     <span class='ocr_line' id='line_1_8' title="bbox 321 1067 1272 1152; baseline 0.001 -19"><span class='ocrx_word' id='word_1_36' title='bbox 321 1070 480 1148; x_wconf 79' lang='lat' dir='ltr'><strong>bebatur,</strong></span> <span class='ocrx_word' id='word_1_37' title='bbox 502 1067 681 1145; x_wconf 82' lang='lat' dir='ltr'>anhelans,</span> <span class='ocrx_word' id='word_1_38' title='bbox 704 1076 945 1152; x_wconf 80' lang='lat' dir='ltr'><strong>occupatorem</strong></span> <span class='ocrx_word' id='word_1_39' title='bbox 967 1067 1042 1152; x_wconf 88' lang='lat' dir='ltr'>ejus</span> <span class='ocrx_word' id='word_1_40' title='bbox 1058 1088 1174 1152; x_wconf 85' lang='lat' dir='ltr'>regern</span> <span class='ocrx_word' id='word_1_41' title='bbox 1192 1068 1272 1134; x_wconf 91' lang='lat' dir='ltr'>Ste-</span> 
     </span>
     <span class='ocr_line' id='line_1_9' title="bbox 322 1161 1273 1254; baseline 0.001 -21"><span class='ocrx_word' id='word_1_42' title='bbox 322 1169 474 1254; x_wconf 84' lang='lat' dir='ltr'><strong>phanum</strong></span> <span class='ocrx_word' id='word_1_43' title='bbox 507 1171 543 1234; x_wconf 93' lang='lat' dir='ltr'>in</span> <span class='ocrx_word' id='word_1_44' title='bbox 576 1186 680 1232; x_wconf 91' lang='lat' dir='ltr'>manu</span> <span class='ocrx_word' id='word_1_45' title='bbox 715 1169 849 1252; x_wconf 92' lang='lat' dir='ltr'>potenti</span> <span class='ocrx_word' id='word_1_46' title='bbox 886 1167 1012 1233; x_wconf 81' lang='lat' dir='ltr'>statuit</span> <span class='ocrx_word' id='word_1_47' title='bbox 1040 1161 1273 1252; x_wconf 85' lang='lat' dir='ltr'>¹expugnare.</span> 
     </span>
    </p>
   </div>
   <div class='ocr_carea' id='block_1_6' title="bbox 322 1267 1274 1851">
    <p class='ocr_par' dir='ltr' id='par_1_6' title="bbox 322 1267 1274 1851">
     <span class='ocr_line' id='line_1_10' title="bbox 323 1267 1274 1351; baseline -0.002 -17"><span class='ocrx_word' id='word_1_48' title='bbox 323 1269 544 1335; x_wconf 88' lang='lat' dir='ltr'>Immuuitam</span> <span class='ocrx_word' id='word_1_49' title='bbox 576 1276 692 1333; x_wconf 90' lang='lat' dir='ltr'>tamen</span> <span class='ocrx_word' id='word_1_50' title='bbox 722 1269 842 1333; x_wconf 88' lang='lat' dir='ltr'>nolens</span> <span class='ocrx_word' id='word_1_51' title='bbox 873 1268 1065 1351; x_wconf 88' lang='lat' dir='ltr'>relinquere</span> <span class='ocrx_word' id='word_1_52' title='bbox 1099 1267 1274 1333; x_wconf 87' lang='lat' dir='ltr'>Norman-</span> 
     </span>
     <span class='ocr_line' id='line_1_11' title="bbox 322 1367 1273 1453; baseline -0.001 -19"><span class='ocrx_word' id='word_1_53' title='bbox 322 1371 427 1448; x_wconf 91' lang='lat' dir='ltr'>uiam,</span> <span class='ocrx_word' id='word_1_54' title='bbox 454 1389 496 1434; x_wconf 93' lang='lat' dir='ltr'>eo</span> <span class='ocrx_word' id='word_1_55' title='bbox 521 1369 613 1453; x_wconf 92' lang='lat' dir='ltr'>quod</span> <span class='ocrx_word' id='word_1_56' title='bbox 637 1387 754 1450; x_wconf 85' lang='lat' dir='ltr'>regern</span> <span class='ocrx_word' id='word_1_57' title='bbox 783 1368 994 1433; x_wconf 81' lang='lat' dir='ltr'><strong>Francorum</strong></span> <span class='ocrx_word' id='word_1_58' title='bbox 1021 1367 1171 1433; x_wconf 89' lang='lat' dir='ltr'>babebat</span> <span class='ocrx_word' id='word_1_59' title='bbox 1195 1387 1273 1433; x_wconf 90' lang='lat' dir='ltr'>sus·</span> 
     </span>
     <span class='ocr_line' id='line_1_12' title="bbox 322 1467 1272 1556; baseline -0.001 -22"><span class='ocrx_word' id='word_1_60' title='bbox 322 1479 460 1555; x_wconf 89' lang='lat' dir='ltr'>pecturn</span> <span class='ocrx_word' id='word_1_61' title='bbox 491 1467 660 1556; x_wconf 89' lang='lat' dir='ltr'>(sororem</span> <span class='ocrx_word' id='word_1_62' title='bbox 692 1487 838 1552; x_wconf 91' lang='lat' dir='ltr'>namque</span> <span class='ocrx_word' id='word_1_63' title='bbox 871 1468 1024 1553; x_wconf 85' lang='lat' dir='ltr'>ejusdem</span> <span class='ocrx_word' id='word_1_64' title='bbox 1045 1468 1272 1546; x_wconf 76' lang='lat' dir='ltr'>Eustochiae,</span> 
     </span>
     <span class='ocr_line' id='line_1_13' title="bbox 323 1562 1272 1653; baseline -0.001 -19"><span class='ocrx_word' id='word_1_65' title='bbox 323 1570 490 1652; x_wconf 81' lang='lat' dir='ltr'>Stephani</span> <span class='ocrx_word' id='word_1_66' title='bbox 525 1568 617 1651; x_wconf 80' lang='lat' dir='ltr'>regis</span> <span class='ocrx_word' id='word_1_67' title='bbox 655 1567 759 1645; x_wconf 88' lang='lat' dir='ltr'>iilius,</span> <span class='ocrx_word' id='word_1_68' title='bbox 795 1588 938 1633; x_wconf 85' lang='lat' dir='ltr'>uxorem</span> <span class='ocrx_word' id='word_1_69' title='bbox 977 1565 1143 1653; x_wconf 88' lang='lat' dir='ltr'>duxerat)</span> <span class='ocrx_word' id='word_1_70' title='bbox 1178 1562 1272 1633; x_wconf 77' lang='lat' dir='ltr'>²cum</span> 
     </span>
     <span class='ocr_line' id='line_1_14' title="bbox 323 1669 1273 1752; baseline 0.001 -19"><span class='ocrx_word' id='word_1_71' title='bbox 323 1671 477 1734; x_wconf 88' lang='lat' dir='ltr'>exercitu</span> <span class='ocrx_word' id='word_1_72' title='bbox 497 1675 631 1734; x_wconf 83' lang='lat' dir='ltr'>tantum</span> <span class='ocrx_word' id='word_1_73' title='bbox 651 1669 1039 1752; x_wconf 84' lang='lat' dir='ltr'>centumquadraginta</span> <span class='ocrx_word' id='word_1_74' title='bbox 1061 1669 1219 1747; x_wconf 91' lang='lat' dir='ltr'>militum,</span> <span class='ocrx_word' id='word_1_75' title='bbox 1237 1677 1273 1734; x_wconf 90' lang='lat' dir='ltr'>et</span> 
     </span>
     <span class='ocr_line' id='line_1_15' title="bbox 323 1767 1273 1851; baseline 0.001 -18"><span class='ocrx_word' id='word_1_76' title='bbox 323 1770 434 1834; x_wconf 87' lang='lat' dir='ltr'>tribus</span> <span class='ocrx_word' id='word_1_77' title='bbox 445 1769 595 1834; x_wconf 89' lang='lat' dir='ltr'>millibus</span> <span class='ocrx_word' id='word_1_78' title='bbox 612 1768 777 1851; x_wconf 92' lang='lat' dir='ltr'>peditum,</span> <span class='ocrx_word' id='word_1_79' title='bbox 792 1789 829 1834; x_wconf 89' lang='lat' dir='ltr'>se</span> <span class='ocrx_word' id='word_1_80' title='bbox 846 1769 881 1832; x_wconf 92' lang='lat' dir='ltr'>in</span> <span class='ocrx_word' id='word_1_81' title='bbox 899 1767 1063 1851; x_wconf 77' lang='lat' dir='ltr'>Angliam</span> <span class='ocrx_word' id='word_1_82' title='bbox 1082 1769 1273 1834; x_wconf 85' lang='lat' dir='ltr'>transtulit.</span> 
     </span>
    </p>
   </div>
   <div class='ocr_carea' id='block_1_7' title="bbox 216 1867 1273 1951">
    <p class='ocr_par' dir='ltr' id='par_1_7' title="bbox 216 1867 1273 1951">
     <span class='ocr_line' id='line_1_16' title="bbox 216 1867 1273 1951; baseline 0.001 -18"><span class='ocrx_word' id='word_1_83' title='bbox 216 1937 218 1940; x_wconf 8' lang='grc' dir='ltr'><em>Α</em></span> <span class='ocrx_word' id='word_1_84' title='bbox 325 1868 586 1934; x_wconf 81' lang='lat' dir='ltr'>confluentibus</span> <span class='ocrx_word' id='word_1_85' title='bbox 613 1877 729 1934; x_wconf 87' lang='lat' dir='ltr'>tamen</span> <span class='ocrx_word' id='word_1_86' title='bbox 756 1869 800 1933; x_wconf 89' lang='lat' dir='ltr'>ad</span> <span class='ocrx_word' id='word_1_87' title='bbox 827 1889 903 1933; x_wconf 92' lang='lat' dir='ltr'>eum</span> <span class='ocrx_word' id='word_1_88' title='bbox 926 1869 1092 1933; x_wconf 88' lang='lat' dir='ltr'>militibus</span> <span class='ocrx_word' id='word_1_89' title='bbox 1122 1867 1273 1951; x_wconf 71' lang='lat' dir='ltr'>Aegina,</span> 
     </span>
    </p>
   </div>
   <div class='ocr_carea' id='block_1_8' title="bbox 324 1969 1277 3055">
    <p class='ocr_par' dir='ltr' id='par_1_8' title="bbox 324 1969 1277 3055">
     <span class='ocr_line' id='line_1_17' title="bbox 324 1969 1272 2056; baseline 0 -23"><span class='ocrx_word' id='word_1_90' title='bbox 324 1971 384 2052; x_wconf 92' lang='lat' dir='ltr'>qui</span> <span class='ocrx_word' id='word_1_91' title='bbox 418 1970 567 2056; x_wconf 83' lang='lat' dir='ltr'>justitiae</span> <span class='ocrx_word' id='word_1_92' title='bbox 600 1970 676 2054; x_wconf 89' lang='lat' dir='ltr'>ejus</span> <span class='ocrx_word' id='word_1_93' title='bbox 710 1969 819 2033; x_wconf 87' lang='lat' dir='ltr'>zelum</span> <span class='ocrx_word' id='word_1_94' title='bbox 850 1971 1029 2051; x_wconf 84' lang='lat' dir='ltr'>gerebant,</span> <span class='ocrx_word' id='word_1_95' title='bbox 1067 1969 1109 2033; x_wconf 88' lang='lat' dir='ltr'>de</span> <span class='ocrx_word' id='word_1_96' title='bbox 1148 1969 1204 2034; x_wconf 89' lang='lat' dir='ltr'>dio</span> <span class='ocrx_word' id='word_1_97' title='bbox 1236 1969 1272 2033; x_wconf 93' lang='lat' dir='ltr'>in</span> 
     </span>
     <span class='ocr_line' id='line_1_18' title="bbox 325 2068 1274 2154; baseline -0.001 -20"><span class='ocrx_word' id='word_1_98' title='bbox 325 2070 414 2135; x_wconf 90' lang='lat' dir='ltr'>diem</span> <span class='ocrx_word' id='word_1_99' title='bbox 440 2071 516 2154; x_wconf 91' lang='lat' dir='ltr'>ejus</span> <span class='ocrx_word' id='word_1_100' title='bbox 538 2071 710 2134; x_wconf 84' lang='lat' dir='ltr'>exercitus</span> <span class='ocrx_word' id='word_1_101' title='bbox 733 2070 937 2151; x_wconf 83' lang='lat' dir='ltr'>augebatur.</span> <span class='ocrx_word' id='word_1_102' title='bbox 989 2068 1135 2133; x_wconf 91' lang='lat' dir='ltr'>Obsedit</span> <span class='ocrx_word' id='word_1_103' title='bbox 1157 2076 1274 2133; x_wconf 89' lang='lat' dir='ltr'>autem</span> 
     </span>
     <span class='ocr_line' id='line_1_19' title="bbox 326 2163 1275 2255; baseline 0 -21"><span class='ocrx_word' id='word_1_104' title='bbox 326 2169 438 2255; x_wconf 93' lang='lat' dir='ltr'>primo</span> <span class='ocrx_word' id='word_1_105' title='bbox 463 2171 685 2234; x_wconf 91' lang='lat' dir='ltr'>munitionem</span> <span class='ocrx_word' id='word_1_106' title='bbox 706 2163 983 2245; x_wconf 82' lang='lat' dir='ltr'>³Malmesbiriae,</span> <span class='ocrx_word' id='word_1_107' title='bbox 1004 2170 1061 2233; x_wconf 93' lang='lat' dir='ltr'>ubi</span> <span class='ocrx_word' id='word_1_108' title='bbox 1085 2168 1177 2252; x_wconf 82' lang='lat' dir='ltr'>regis</span> <span class='ocrx_word' id='word_1_109' title='bbox 1197 2169 1275 2234; x_wconf 89' lang='lat' dir='ltr'>Ste-</span> 
     </span>
     <span class='ocr_line' id='line_1_20' title="bbox 326 2268 1274 2355; baseline 0.001 -22"><span class='ocrx_word' id='word_1_110' title='bbox 326 2270 432 2355; x_wconf 89' lang='lat' dir='ltr'>phani</span> <span class='ocrx_word' id='word_1_111' title='bbox 447 2279 522 2334; x_wconf 89' lang='lat' dir='ltr'>erat</span> <span class='ocrx_word' id='word_1_112' title='bbox 539 2269 748 2353; x_wconf 84' lang='lat' dir='ltr'>praesidium.</span> <span class='ocrx_word' id='word_1_113' title='bbox 788 2268 854 2335; x_wconf 91' lang='lat' dir='ltr'>Cui</span> <span class='ocrx_word' id='word_1_114' title='bbox 868 2289 929 2334; x_wconf 85' lang='lat' dir='ltr'>rex</span> <span class='ocrx_word' id='word_1_115' title='bbox 945 2289 1022 2334; x_wconf 92' lang='lat' dir='ltr'>curn</span> <span class='ocrx_word' id='word_1_116' title='bbox 1041 2289 1104 2334; x_wconf 92' lang='lat' dir='ltr'>suo</span> <span class='ocrx_word' id='word_1_117' title='bbox 1119 2269 1274 2334; x_wconf 85' lang='lat' dir='ltr'>exercitu</span> 
     </span>
     <span class='ocr_line' id='line_1_21' title="bbox 325 2369 1277 2454; baseline -0.002 -18"><span class='ocrx_word' id='word_1_118' title='bbox 325 2369 580 2454; x_wconf 83' lang='lat' dir='ltr'>superveniens,</span> <span class='ocrx_word' id='word_1_119' title='bbox 605 2389 667 2435; x_wconf 89' lang='lat' dir='ltr'>nec</span> <span class='ocrx_word' id='word_1_120' title='bbox 682 2369 802 2435; x_wconf 91' lang='lat' dir='ltr'>ducem</span> <span class='ocrx_word' id='word_1_121' title='bbox 820 2370 864 2434; x_wconf 88' lang='lat' dir='ltr'>ad</span> <span class='ocrx_word' id='word_1_122' title='bbox 888 2377 1044 2453; x_wconf 88' lang='lat' dir='ltr'>apertum</span> <span class='ocrx_word' id='word_1_123' title='bbox 1068 2370 1178 2453; x_wconf 84' lang='lat' dir='ltr'>praelii</span> <span class='ocrx_word' id='word_1_124' title='bbox 1195 2389 1277 2435; x_wconf 92' lang='lat' dir='ltr'>con-</span> 
     </span>
     <span class='ocr_line' id='line_1_22' title="bbox 325 2470 1274 2555; baseline -0.002 -19"><span class='ocrx_word' id='word_1_125' title='bbox 325 2491 481 2555; x_wconf 76' lang='lat' dir='ltr'>gressum</span> <span class='ocrx_word' id='word_1_126' title='bbox 497 2490 651 2548; x_wconf 85' lang='lat' dir='ltr'>evocare,</span> <span class='ocrx_word' id='word_1_127' title='bbox 666 2491 729 2536; x_wconf 88' lang='lat' dir='ltr'>neo</span> <span class='ocrx_word' id='word_1_128' title='bbox 740 2470 952 2535; x_wconf 90' lang='lat' dir='ltr'>obsidionem</span> <span class='ocrx_word' id='word_1_129' title='bbox 968 2471 1082 2553; x_wconf 90' lang='lat' dir='ltr'>potuit</span> <span class='ocrx_word' id='word_1_130' title='bbox 1096 2489 1274 2550; x_wconf 82' lang='lat' dir='ltr'>amovere3</span> 
     </span>
     <span class='ocr_line' id='line_1_23' title="bbox 325 2571 1274 2656; baseline -0.002 -20"><span class='ocrx_word' id='word_1_131' title='bbox 325 2573 514 2656; x_wconf 90' lang='lat' dir='ltr'>quinimmo</span> <span class='ocrx_word' id='word_1_132' title='bbox 543 2578 663 2636; x_wconf 90' lang='lat' dir='ltr'>contra</span> <span class='ocrx_word' id='word_1_133' title='bbox 692 2578 807 2635; x_wconf 88' lang='lat' dir='ltr'>castra</span> <span class='ocrx_word' id='word_1_134' title='bbox 833 2571 973 2635; x_wconf 93' lang='lat' dir='ltr'>hostilia</span> <span class='ocrx_word' id='word_1_135' title='bbox 1001 2571 1166 2635; x_wconf 85' lang='lat' dir='ltr'>excubias</span> <span class='ocrx_word' id='word_1_136' title='bbox 1193 2590 1274 2654; x_wconf 92' lang='lat' dir='ltr'>pro·</span> 
     </span>
     <span class='ocr_line' id='line_1_24' title="bbox 326 2670 1277 2754; baseline 0.001 -19"><span class='ocrx_word' id='word_1_137' title='bbox 326 2672 467 2737; x_wconf 85' lang='lat' dir='ltr'>lixiores</span> <span class='ocrx_word' id='word_1_138' title='bbox 493 2672 617 2750; x_wconf 85' lang='lat' dir='ltr'>facero,</span> <span class='ocrx_word' id='word_1_139' title='bbox 641 2679 816 2735; x_wconf 87' lang='lat' dir='ltr'>crescente</span> <span class='ocrx_word' id='word_1_140' title='bbox 842 2678 1014 2754; x_wconf 86' lang='lat' dir='ltr'>potestate</span> <span class='ocrx_word' id='word_1_141' title='bbox 1042 2670 1199 2745; x_wconf 88' lang='lat' dir='ltr'>adversa,</span> <span class='ocrx_word' id='word_1_142' title='bbox 1222 2678 1277 2736; x_wconf 93' lang='lat' dir='ltr'>tu·</span> 
     </span>
     <span class='ocr_line' id='line_1_25' title="bbox 327 2769 1276 2854; baseline -0.001 -17"><span class='ocrx_word' id='word_1_143' title='bbox 327 2782 399 2837; x_wconf 93' lang='lat' dir='ltr'>tum</span> <span class='ocrx_word' id='word_1_144' title='bbox 426 2771 566 2836; x_wconf 90' lang='lat' dir='ltr'>minime</span> <span class='ocrx_word' id='word_1_145' title='bbox 595 2778 772 2854; x_wconf 88' lang='lat' dir='ltr'>reputans,</span> <span class='ocrx_word' id='word_1_146' title='bbox 796 2769 877 2834; x_wconf 91' lang='lat' dir='ltr'>dum</span> <span class='ocrx_word' id='word_1_147' title='bbox 905 2770 1106 2849; x_wconf 89' lang='lat' dir='ltr'>discederet,</span> <span class='ocrx_word' id='word_1_148' title='bbox 1133 2772 1276 2836; x_wconf 87' lang='lat' dir='ltr'>obsessa</span> 
     </span>
     <span class='ocr_line' id='line_1_26' title="bbox 328 2871 1276 2954; baseline 0.001 -18"><span class='ocrx_word' id='word_1_149' title='bbox 328 2872 473 2937; x_wconf 92' lang='lat' dir='ltr'>munitio</span> <span class='ocrx_word' id='word_1_150' title='bbox 489 2872 525 2934; x_wconf 92' lang='lat' dir='ltr'>in</span> <span class='ocrx_word' id='word_1_151' title='bbox 546 2871 734 2935; x_wconf 89' lang='lat' dir='ltr'>obsidentis</span> <span class='ocrx_word' id='word_1_152' title='bbox 757 2872 893 2936; x_wconf 88' lang='lat' dir='ltr'>transiit</span> <span class='ocrx_word' id='word_1_153' title='bbox 911 2879 1130 2954; x_wconf 87' lang='lat' dir='ltr'>potestatem.</span> <span class='ocrx_word' id='word_1_154' title='bbox 1176 2871 1200 2936; x_wconf 85' lang='lat' dir='ltr'>J</span> <span class='ocrx_word' id='word_1_155' title='bbox 1203 2891 1276 2936; x_wconf 90' lang='lat' dir='ltr'>am·</span> 
     </span>
     <span class='ocr_line' id='line_1_27' title="bbox 326 2970 1275 3055; baseline -0.001 -19"><span class='ocrx_word' id='word_1_156' title='bbox 326 2992 394 3055; x_wconf 86' lang='lat' dir='ltr'>que</span> <span class='ocrx_word' id='word_1_157' title='bbox 409 2971 628 3036; x_wconf 85' lang='lat' dir='ltr'>incrementis</span> <span class='ocrx_word' id='word_1_158' title='bbox 645 2970 781 3048; x_wconf 83' lang='lat' dir='ltr'>virium,</span> <span class='ocrx_word' id='word_1_159' title='bbox 803 2978 839 3036; x_wconf 92' lang='lat' dir='ltr'>et</span> <span class='ocrx_word' id='word_1_160' title='bbox 855 2971 1019 3036; x_wconf 83' lang='lat' dir='ltr'>felicitate</span> <span class='ocrx_word' id='word_1_161' title='bbox 1042 2991 1275 3049; x_wconf 85' lang='lat' dir='ltr'>successuum,</span> 
     </span>
    </p>
   </div>
   <div class='ocr_carea' id='block_1_9' title="bbox 290 3071 1276 3155">
    <p class='ocr_par' dir='ltr' id='par_1_9' title="bbox 290 3071 1276 3155">
     <span class='ocr_line' id='line_1_28' title="bbox 290 3071 1276 3155; baseline -0.001 -18"><span class='ocrx_word' id='word_1_162' title='bbox 290 3103 291 3106; x_wconf 37' lang='lat'>¹</span> <span class='ocrx_word' id='word_1_163' title='bbox 326 3072 424 3137; x_wconf 89' lang='lat' dir='ltr'>ducis</span> <span class='ocrx_word' id='word_1_164' title='bbox 446 3071 557 3155; x_wconf 81' lang='lat' dir='ltr'>gloria</span> <span class='ocrx_word' id='word_1_165' title='bbox 578 3071 767 3135; x_wconf 84' lang='lat' dir='ltr'>adversarii</span> <span class='ocrx_word' id='word_1_166' title='bbox 792 3091 916 3136; x_wconf 92' lang='lat' dir='ltr'>nomen</span> <span class='ocrx_word' id='word_1_167' title='bbox 938 3072 1070 3154; x_wconf 85' lang='lat' dir='ltr'>regium</span> <span class='ocrx_word' id='word_1_168' title='bbox 1093 3072 1276 3137; x_wconf 86' lang='lat' dir='ltr'>adumbra-</span> 
     </span>
    </p>
   </div>
   <div class='ocr_carea' id='block_1_10' title="bbox 326 3170 1277 3656">
    <p class='ocr_par' dir='ltr' id='par_1_10' title="bbox 326 3170 1277 3656">
     <span class='ocr_line' id='line_1_29' title="bbox 326 3170 1274 3238; baseline 0 -1"><span class='ocrx_word' id='word_1_169' title='bbox 326 3173 389 3238; x_wconf 86' lang='lat' dir='ltr'>vit.</span> <span class='ocrx_word' id='word_1_170' title='bbox 458 3172 540 3236; x_wconf 85' lang='lat' dir='ltr'>Dux</span> <span class='ocrx_word' id='word_1_171' title='bbox 572 3170 650 3236; x_wconf 89' lang='lat' dir='ltr'>inde</span> <span class='ocrx_word' id='word_1_172' title='bbox 679 3190 757 3236; x_wconf 92' lang='lat' dir='ltr'>cum</span> <span class='ocrx_word' id='word_1_173' title='bbox 788 3172 942 3236; x_wconf 86' lang='lat' dir='ltr'>exercitu</span> <span class='ocrx_word' id='word_1_174' title='bbox 971 3173 1141 3238; x_wconf 88' lang='lat' dir='ltr'>instructo</span> <span class='ocrx_word' id='word_1_175' title='bbox 1170 3173 1274 3238; x_wconf 91' lang='lat' dir='ltr'>Stan-</span> 
     </span>
     <span class='ocr_line' id='line_1_30' title="bbox 327 3266 1277 3355; baseline 0 -19"><span class='ocrx_word' id='word_1_176' title='bbox 327 3273 472 3338; x_wconf 87' lang='lat' dir='ltr'>sordiam</span> <span class='ocrx_word' id='word_1_177' title='bbox 494 3266 611 3349; x_wconf 83' lang='lat' dir='ltr'>⁴adiit,</span> <span class='ocrx_word' id='word_1_178' title='bbox 643 3291 713 3354; x_wconf 91' lang='lat' dir='ltr'>qua</span> <span class='ocrx_word' id='word_1_179' title='bbox 741 3271 897 3336; x_wconf 84' lang='lat' dir='ltr'>celeriter</span> <span class='ocrx_word' id='word_1_180' title='bbox 925 3281 1146 3355; x_wconf 74' lang='lat' dir='ltr'>expugnata,</span> <span class='ocrx_word' id='word_1_181' title='bbox 1166 3275 1277 3337; x_wconf 93' lang='lat' dir='ltr'>muni-</span> 
     </span>
     <span class='ocr_line' id='line_1_31' title="bbox 326 3371 1276 3457; baseline 0 -19"><span class='ocrx_word' id='word_1_182' title='bbox 326 3375 453 3439; x_wconf 91' lang='lat' dir='ltr'>tionem</span> <span class='ocrx_word' id='word_1_183' title='bbox 471 3372 546 3457; x_wconf 88' lang='lat' dir='ltr'>ejus</span> <span class='ocrx_word' id='word_1_184' title='bbox 557 3371 659 3455; x_wconf 88' lang='lat' dir='ltr'>cepit,</span> <span class='ocrx_word' id='word_1_185' title='bbox 673 3371 769 3453; x_wconf 78' lang='lat' dir='ltr'>regio</span> <span class='ocrx_word' id='word_1_186' title='bbox 785 3371 896 3456; x_wconf 88' lang='lat' dir='ltr'>ejecto</span> <span class='ocrx_word' id='word_1_187' title='bbox 914 3373 1083 3456; x_wconf 88' lang='lat' dir='ltr'>praesidio.</span> <span class='ocrx_word' id='word_1_188' title='bbox 1121 3372 1276 3438; x_wconf 85' lang='lat' dir='ltr'>Audiens</span> 
     </span>
     <span class='ocr_line' id='line_1_32' title="bbox 326 3467 1276 3556; baseline -0.001 -18"><span class='ocrx_word' id='word_1_189' title='bbox 326 3482 442 3539; x_wconf 90' lang='lat' dir='ltr'>autem</span> <span class='ocrx_word' id='word_1_190' title='bbox 457 3473 575 3538; x_wconf 81' lang='lat' dir='ltr'>villam</span> <span class='ocrx_word' id='word_1_191' title='bbox 593 3467 788 3554; x_wconf 83' lang='lat' dir='ltr'>⁶Gipewici‚</span> <span class='ocrx_word' id='word_1_192' title='bbox 812 3491 891 3554; x_wconf 88' lang='lat' dir='ltr'>quae</span> <span class='ocrx_word' id='word_1_193' title='bbox 913 3472 955 3536; x_wconf 94' lang='lat' dir='ltr'>ad</span> <span class='ocrx_word' id='word_1_194' title='bbox 979 3473 1077 3537; x_wconf 91' lang='lat' dir='ltr'>ducis</span> <span class='ocrx_word' id='word_1_195' title='bbox 1099 3493 1136 3537; x_wconf 91' lang='lat' dir='ltr'>se</span> <span class='ocrx_word' id='word_1_196' title='bbox 1158 3482 1276 3556; x_wconf 88' lang='lat' dir='ltr'>partes</span> 
     </span>
     <span class='ocr_line' id='line_1_33' title="bbox 327 3571 1275 3656; baseline -0.001 -18"><span class='ocrx_word' id='word_1_197' title='bbox 327 3572 565 3650; x_wconf 83' lang='lat' dir='ltr'>transtulerat,</span> <span class='ocrx_word' id='word_1_198' title='bbox 585 3571 733 3637; x_wconf 89' lang='lat' dir='ltr'>obsideri</span> <span class='ocrx_word' id='word_1_199' title='bbox 751 3591 773 3635; x_wconf 89' lang='lat' dir='ltr'>a</span> <span class='ocrx_word' id='word_1_200' title='bbox 788 3592 881 3654; x_wconf 81' lang='lat' dir='ltr'>rege,</span> <span class='ocrx_word' id='word_1_201' title='bbox 903 3572 986 3636; x_wconf 91' lang='lat' dir='ltr'>illuc</span> <span class='ocrx_word' id='word_1_202' title='bbox 1008 3582 1191 3656; x_wconf 82' lang='lat' dir='ltr'>proporat3</span> <span class='ocrx_word' id='word_1_203' title='bbox 1215 3572 1275 3637; x_wconf 88' lang='lat' dir='ltr'>sed</span> 
     </span>
    </p>
   </div>
   <div class='ocr_carea' id='block_1_11' title="bbox 325 3718 1280 4279">
    <p class='ocr_par' dir='ltr' id='par_1_11' title="bbox 325 3718 1280 4279">
     <span class='ocr_line' id='line_1_34' title="bbox 360 3718 1215 3786; baseline -0.001 -11"><span class='ocrx_word' id='word_1_204' title='bbox 360 3724 368 3757; x_wconf 85' lang='lat'>¹</span> <span class='ocrx_word' id='word_1_205' title='bbox 387 3727 533 3775; x_wconf 87' lang='lat' dir='ltr'>‘Henrieus</span> <span class='ocrx_word' id='word_1_206' title='bbox 544 3724 737 3786; x_wconf 79' lang='lat' dir='ltr'>Andegnvensis</span> <span class='ocrx_word' id='word_1_207' title='bbox 748 3737 788 3772; x_wconf 89' lang='lat' dir='ltr'>oo·</span> <span class='ocrx_word' id='word_1_208' title='bbox 849 3718 860 3752; x_wconf 84' lang='lat'><strong>¹</strong></span> <span class='ocrx_word' id='word_1_209' title='bbox 875 3724 948 3771; x_wconf 84' lang='lat' dir='ltr'>‘cunr</span> <span class='ocrx_word' id='word_1_210' title='bbox 960 3737 1039 3785; x_wconf 87' lang='lat' dir='ltr'>parra</span> <span class='ocrx_word' id='word_1_211' title='bbox 1049 3737 1125 3772; x_wconf 87' lang='lat' dir='ltr'>mann</span> <span class='ocrx_word' id='word_1_212' title='bbox 1135 3718 1151 3784; x_wconf 85' lang='lat'>;‘</span> <span class='ocrx_word' id='word_1_213' title='bbox 1168 3724 1215 3774; x_wconf 77' lang='lat' dir='ltr'>Ar.</span> 
     </span>
     <span class='ocr_line' id='line_1_35' title="bbox 325 3795 789 3857; baseline -0.011 -11"><span class='ocrx_word' id='word_1_214' title='bbox 325 3797 394 3846; x_wconf 87' lang='lat' dir='ltr'>mitis</span> <span class='ocrx_word' id='word_1_215' title='bbox 404 3797 481 3857; x_wconf 85' lang='lat' dir='ltr'>tilius,</span> <span class='ocrx_word' id='word_1_216' title='bbox 491 3795 622 3857; x_wconf 84' lang='lat' dir='ltr'>dispositis</span> <span class='ocrx_word' id='word_1_217' title='bbox 639 3808 685 3855; x_wconf 89' lang='lat' dir='ltr'>pro</span> <span class='ocrx_word' id='word_1_218' title='bbox 695 3806 789 3856; x_wconf 77' lang='lat' dir='ltr'>angue·</span> 
     </span>
     <span class='ocr_line' id='line_1_36' title="bbox 325 3859 1253 3929; baseline -0.001 -13"><span class='ocrx_word' id='word_1_219' title='bbox 325 3869 362 3916; x_wconf 85' lang='lat' dir='ltr'>tiu</span> <span class='ocrx_word' id='word_1_220' title='bbox 375 3867 495 3929; x_wconf 89' lang='lat' dir='ltr'>temporis</span> <span class='ocrx_word' id='word_1_221' title='bbox 511 3866 588 3914; x_wconf 82' lang='lat' dir='ltr'>rebus</span> <span class='ocrx_word' id='word_1_222' title='bbox 599 3864 746 3926; x_wconf 80' lang='lat' dir='ltr'>Aquitania</span> <span class='ocrx_word' id='word_1_223' title='bbox 763 3869 789 3912; x_wconf 89' lang='lat' dir='ltr'>et</span> <span class='ocrx_word' id='word_1_224' title='bbox 847 3859 859 3892; x_wconf 79' lang='lat'>⁸</span> <span class='ocrx_word' id='word_1_225' title='bbox 876 3862 1082 3914; x_wconf 81' lang='lat' dir='ltr'>‘Mnlmeeburiae</span> <span class='ocrx_word' id='word_1_226' title='bbox 1091 3859 1106 3925; x_wconf 78' lang='grc' dir='ltr'>ς’</span> <span class='ocrx_word' id='word_1_227' title='bbox 1117 3864 1157 3913; x_wconf 87' lang='grc' dir='ltr'>Μ.</span> <span class='ocrx_word' id='word_1_228' title='bbox 1169 3868 1194 3913; x_wconf 88' lang='lat' dir='ltr'>et</span> <span class='ocrx_word' id='word_1_229' title='bbox 1205 3864 1253 3916; x_wconf 77' lang='lat' dir='ltr'>Ar.</span> 
     </span>
     <span class='ocr_line' id='line_1_37' title="bbox 328 3933 787 3997; baseline -0.009 -10"><span class='ocrx_word' id='word_1_230' title='bbox 328 3937 499 3992; x_wconf 80' lang='lat' dir='ltr'>Normanniae,</span> <span class='ocrx_word' id='word_1_231' title='bbox 524 3936 557 3985; x_wconf 92' lang='lat' dir='ltr'>de</span> <span class='ocrx_word' id='word_1_232' title='bbox 584 3949 661 3997; x_wconf 79' lang='lat' dir='ltr'>regno</span> <span class='ocrx_word' id='word_1_233' title='bbox 685 3933 787 3996; x_wconf 79' lang='lat' dir='ltr'>Angliae</span> 
     </span>
     <span class='ocr_line' id='line_1_38' title="bbox 326 3998 1052 4070; baseline -0.006 -13"><span class='ocrx_word' id='word_1_234' title='bbox 326 4009 394 4069; x_wconf 92' lang='lat' dir='ltr'>quod</span> <span class='ocrx_word' id='word_1_235' title='bbox 408 4009 468 4070; x_wconf 87' lang='lat' dir='ltr'>jure</span> <span class='ocrx_word' id='word_1_236' title='bbox 484 4007 619 4069; x_wconf 85' lang='lat' dir='ltr'>perspicuo</span> <span class='ocrx_word' id='word_1_237' title='bbox 631 4005 789 4066; x_wconf 87' lang='lat' dir='ltr'>competebat</span> <span class='ocrx_word' id='word_1_238' title='bbox 849 4003 858 4032; x_wconf 80' lang='lat'><strong>⁴</strong></span> <span class='ocrx_word' id='word_1_239' title='bbox 874 4003 947 4054; x_wconf 84' lang='lat' dir='ltr'>‘adit</span> <span class='ocrx_word' id='word_1_240' title='bbox 957 3998 972 4064; x_wconf 68' lang='grc' dir='ltr'><em>ξ</em></span> <span class='ocrx_word' id='word_1_241' title='bbox 985 3999 1052 4053; x_wconf 75' lang='lat' dir='ltr'>D&#39;A.</span> 
     </span>
     <span class='ocr_line' id='line_1_39' title="bbox 325 4075 789 4139; baseline -0.011 -12"><span class='ocrx_word' id='word_1_242' title='bbox 325 4079 444 4128; x_wconf 80' lang='lat' dir='ltr'>fraudare</span> <span class='ocrx_word' id='word_1_243' title='bbox 455 4093 503 4127; x_wconf 92' lang='lat' dir='ltr'>non</span> <span class='ocrx_word' id='word_1_244' title='bbox 515 4077 615 4139; x_wconf 84' lang='lat' dir='ltr'>patiens</span> <span class='ocrx_word' id='word_1_245' title='bbox 630 4075 718 4135; x_wconf 82' lang='lat' dir='ltr'>animi,</span> <span class='ocrx_word' id='word_1_246' title='bbox 728 4075 789 4123; x_wconf 89' lang='lat' dir='ltr'>licet</span> 
     </span>
     <span class='ocr_line' id='line_1_40' title="bbox 325 4140 1280 4264; baseline -0.002 -67"><span class='ocrx_word' id='word_1_247' title='bbox 325 4149 425 4212; x_wconf 80' lang='lat' dir='ltr'>negotio</span> <span class='ocrx_word' id='word_1_248' title='bbox 442 4149 523 4198; x_wconf 85' lang='lat' dir='ltr'>arduo</span> <span class='ocrx_word' id='word_1_249' title='bbox 533 4145 690 4207; x_wconf 85' lang='lat' dir='ltr'>difficilique,</span> <span class='ocrx_word' id='word_1_250' title='bbox 706 4145 787 4194; x_wconf 85' lang='lat' dir='ltr'>inten-</span> <span class='ocrx_word' id='word_1_251' title='bbox 848 4141 1033 4264; x_wconf 72' lang='lat' dir='ltr'>‘h‘Gipeswici</span> <span class='ocrx_word' id='word_1_252' title='bbox 1043 4140 1057 4205; x_wconf 70' lang='grc' dir='ltr'>ς’</span> <span class='ocrx_word' id='word_1_253' title='bbox 1070 4146 1108 4194; x_wconf 90' lang='grc' dir='ltr'>Μ.</span> <span class='ocrx_word' id='word_1_254' title='bbox 1118 4149 1143 4194; x_wconf 82' lang='lat' dir='ltr'>et</span> <span class='ocrx_word' id='word_1_255' title='bbox 1155 4145 1202 4196; x_wconf 76' lang='lat' dir='ltr'>Ar.</span> <span class='ocrx_word' id='word_1_256' title='bbox 1221 4148 1280 4210; x_wconf 82' lang='lat' dir='ltr'>lps-</span> 
     </span>
     <span class='ocr_line' id='line_1_41' title="bbox 325 4214 889 4279; baseline -0.007 -11"><span class='ocrx_word' id='word_1_257' title='bbox 325 4220 363 4268; x_wconf 88' lang='lat' dir='ltr'>dit</span> <span class='ocrx_word' id='word_1_258' title='bbox 372 4215 387 4279; x_wconf 70' lang='grc' dir='ltr'>ς’</span> <span class='ocrx_word' id='word_1_259' title='bbox 404 4219 451 4268; x_wconf 81' lang='lat' dir='ltr'>Ar.</span> <span class='ocrx_word' id='word_1_260' title='bbox 813 4214 862 4264; x_wconf 82' lang='lat' dir='ltr'>wic</span> <span class='ocrx_word' id='word_1_261' title='bbox 882 4250 889 4264; x_wconf 88' lang='lat'><strong>.</strong></span> 
     </span>
    </p>
   </div>
   <div class='ocr_carea' id='block_1_12' title="bbox 0 0 1457 4860">
    <p class='ocr_par' dir='ltr' id='par_1_12' title="bbox 0 0 1457 4860">
     <span class='ocr_line' id='line_1_42' title="bbox 0 0 1457 4860; baseline 0 0"><span class='ocrx_word' id='word_1_262' title='bbox 0 0 1457 4860; x_wconf 95' lang='lat' dir='ltr'> </span> 
     </span>
    </p>
   </div>
  </div>
 </body>
</html>
