2896 4860
328 399 393 463 110
693 414 766 463 nro.
786 415 932 463 rnrvnrr

328 579 370 638 ‘a
386 572 466 636 Duo
484 580 683 637 coronatum
698 574 719 654 3'
737 575 797 657 qui
813 574 921 638 eidem
940 573 1177 647 rescribentes,
1197 572 1286 654 peti-

329 673 415 739 tioni
436 691 509 738 suae
533 674 680 756 benigue
702 674 737 737 in
760 674 919 739 omuibus
941 674 1150 739 annuebant.
1203 671 1286 736 Duo

328 793 411 839 vero
437 793 537 856 reges
559 775 594 838 in
617 774 695 839 loco
718 775 851 852 eodem,
874 776 918 839 ob
943 773 1024 839 facti
1046 774 1149 858 hujus
1172 771 1284 837 moni·

328 883 493 951 mentum,
523 895 658 938 crucem
684 882 869 939 erexerunt
895 875 1058 957 ligneam,
1082 873 1285 938 fundantes·

329 995 395 1058 que
429 974 607 1039 ecclesiam
641 976 730 1040 inter
760 996 798 1041 se
829 975 941 1040 ioedus
976 975 1071 1058 pacis
1106 981 1284 1057 perpetuae

328 1076 489 1141 inierunt.
543 1075 657 1140 Locus
671 1084 786 1140 autem
804 1075 863 1140 ille
880 1074 976 1158 Ager
993 1075 1099 1141 Sacer
1117 1074 1282 1158 apopulo

220 1176 533 1332 mappellatur.

379 1276 509 1340 Eodem
529 1296 619 1341 anno
642 1296 756 1340 comes
780 1276 813 1341 S.
834 1275 977 1359 AEgidii,
1000 1276 1060 1360 qui
1084 1275 1281 1357 homagium

328 1377 456 1441 fecerat
471 1397 533 1460 pro
547 1377 701 1441 Tholosa
718 1379 868 1442 Ricardo
886 1377 964 1440 duci
983 1376 1195 1460 Aquitaniae,
1211 1375 1282 1440 tilio

218 1522 225 1534 .
327 1479 418 1560 regis
451 1476 658 1559 Anglorum,
688 1481 731 1542 ab
763 1498 804 1542 eo
837 1478 987 1556 delecit3
1023 1466 1165 1560 propter
1187 1475 1280 1559 quod

328 1577 499 1643 Ricardus
521 1587 647 1642 terram
672 1579 747 1662 ejus
773 1579 949 1661 ingressus
973 1579 1065 1660 cepit
1088 1577 1283 1654 Mosacum,

327 1679 464 1762 aliaque
487 1680 631 1743 castella
654 1680 863 1762 pertinentia
886 1678 929 1742 ad
952 1679 1012 1763 jus
1032 1678 1167 1743 comitis
1186 1685 1282 1742 ante-

325 1779 419 1844 dicti.
463 1778 544 1843 Rex
562 1786 676 1844 autem
694 1779 919 1856 Francorum,
936 1780 1095 1862 pulsatus
1118 1796 1140 1841 a
1156 1779 1281 1843 comite

326 1899 430 1963 super
445 1879 577 1944 auxilio
597 1879 752 1956 ferendo,
774 1887 895 1945 contra
912 1880 1024 1961 legem
1048 1878 1186 1943 soederis
1212 1887 1280 1945 ter·

326 2000 399 2044 ram
418 1980 509 2062 regis
519 1978 714 2062 Auglorum
730 1981 921 2063 ingressus,
938 1989 1089 2044 castrum
1102 1979 1280 2063 Radulphi

326 2089 362 2145 et
390 2080 548 2164 quaedam
575 2080 645 2143 alia
667 2088 783 2145 castra
809 2080 936 2164 cepit·
965 2079 1045 2160 Quo
1072 2079 1191 2144 audito
1218 2100 1279 2144 rex

326 2179 533 2262 Anglornm,
566 2181 743 2262 ingressus
779 2191 889 2247 terras
927 2181 1020 2264 regis
1055 2181 1279 2258 Francorum,

326 2288 477 2345 castrum
502 2280 718 2345 Drocharum
739 2282 911 2361 incendit;
936 2275 1022 2347 ¹alia
1043 2281 1147 2344 etiarn
1164 2289 1281 2346 castra

326 2381 430 2463 cepit,
448 2381 616 2466 villasque
638 2390 674 2446 et
691 2382 898 2447 munitiones
915 2382 1100 2446 destruxit.
1151 2381 1279 2465 Super·

326 2481 486 2546 venieute
503 2501 585 2546 vero
608 2481 719 2546 hieme
741 2491 886 2567 uterque
910 2503 984 2561 rex,
1007 2482 1098 2546 datis
1120 2480 1281 2559 induciis,

326 2600 348 2645 a
364 2581 455 2647 bello
472 2583 633 2648 cessavit.
683 2581 861 2648 Galfridus
885 2593 999 2648 autern
1020 2582 1062 2646 de
1084 2576 1279 2647 ²Liziniaco

326 2683 497 2766 quendam
516 2683 818 2748 familiarissimum
838 2684 1002 2760 Ricardo,
1025 2683 1142 2748 comiti
1160 2681 1276 2748 Picta-

326 2784 435 2858 veusi,
464 2782 635 2847 interfecit
656 2784 813 2849 insidiis:
846 2785 881 2848 iu
906 2784 1005 2868 cujus
1029 2784 1193 2847 ultionem
1215 2782 1279 2847 Ri-

325 2881 451 2948 cardus
469 2884 570 2966 plura
591 2884 667 2968 ejus
682 2885 827 2949 castella
841 2884 876 2948 in
893 2885 1100 2948 deditionem
1118 2884 1278 2965 accepit;

326 2983 550 3068 hominesque
585 2984 661 3069 ejus
697 2985 887 3062 trucidans,
921 2985 990 3048 illis
1030 2985 1183 3068 pepercit
1219 2984 1279 3068 qui

326 3085 438 3150 crucis
464 3084 626 3149 volebant
657 3084 855 3151 charactere
882 3086 1049 3168 insigniri.
1101 3083 1280 3150 Galfridus

326 3185 524 3269 praedictus,
545 3186 636 3267 regis
665 3184 860 3268 Anglorum
883 3185 990 3250 tultus
1013 3184 1144 3251 auxilio
1168 3194 1203 3250 et
1220 3204 1279 3268 pe·

327 3287 439 3362 cunia,
472 3293 509 3349 ut
539 3285 676 3363 dicitur,
711 3296 833 3353 contra
863 3287 1021 3351 comitem
1053 3305 1115 3370 per
1145 3295 1279 3370 tempus

328 3386 467 3471 aliquod
484 3386 676 3450 rebellavit.

380 3486 422 3551 lu
454 3488 588 3551 octavis
623 3487 660 3551 S.
686 3487 831 3552 Martini
864 3487 1026 3553 collocuti
1057 3495 1140 3550 sunt
1178 3505 1279 3569 reges

168 3616 219 3661 ..ι
203 3605 306 3651 «nin
328 3608 435 3673 prope
463 3581 715 3666 ³Bonsmulins,
747 3597 954 3670 procurante
981 3587 1132 3652 Ricardo
1156 3587 1280 3652 comite

168 3656 295 3817 ἥξω
329 3689 549 3767 Pictavensi3
578 3690 828 3772 proposuitque
852 3709 915 3753 rex
940 3689 1165 3763 Francorum,
1186 3688 1277 3770 quod

264 3785 270 3799 ⁸
328 3790 400 3871 rogi
424 3789 618 3871 Anglorum
648 3790 845 3854 restitueret
871 3809 910 3853 ea
935 3808 1013 3872 quae
1036 3795 1176 3871 ceperat
1198 3797 1278 3871 post

326 3910 462 3955 cruceni
491 3898 698 3972 susceptam,
724 3899 826 3954 etex
849 3899 931 3954 tuuc
961 3897 1139 3952 manerent
1164 3889 1279 3953 omnia

326 3991 361 4055 io
390 3992 508 4056 oodom
532 3999 639 4067 statu,
663 3992 698 4054 in
725 4011 795 4074 quo
823 3999 903 4055 ante
925 4010 1058 4054 crucem
1083 3996 1277 4073 susceptam

363 4167 369 4199 ¹
388 4171 507 4231 ‘aliaque
517 4171 532 4228 ς’
544 4172 582 4219 Μ.
594 4175 618 4218 ct
629 4169 677 4219 Ar.
853 4166 864 4198 ³
878 4169 1066 4217 ‘Bonsmuluns
1075 4161 1091 4227 ;’
1104 4167 1143 4217 lli.
1149 4172 1174 4216 et
1186 4167 1233 4219 Ar.

362 4236 373 4248 ¹
387 4244 393 4256 ‘
408 4240 541 4290 lierniaco
549 4240 566 4297 ;'
578 4241 615 4289 ll.
626 4245 651 4288 et
662 4239 709 4289 Ar.
