2896 4860
328 398 395 463 214
690 413 925 462 nrormvnrr

331 573 507 640 Lodovico
539 575 693 640 totaliter
722 595 759 639 se
793 573 961 639 submisit.
1024 572 1156 638 Eodem
1190 592 1276 637 anno

332 673 525 739 Fanlresius
564 676 606 739 de
641 677 803 753 Breaute,
839 681 961 739 contra
994 694 1110 757 regern
1142 671 1278 755 Angliae

330 775 523 857 insurgens,
545 783 697 840 castrum
721 775 935 840 Bedefordiae
958 775 1061 838 armis
1084 774 1231 838 munivit
1245 781 1278 838 et

331 876 550 953 victualibus,
583 876 733 958 virisque
759 875 920 953 strenuis,
950 882 985 939 et
1015 875 1059 939 ad
1089 873 1182 937 bella
1211 874 1279 938 for·

329 976 483 1039 tissimis.
536 975 638 1053 Quod
661 996 737 1041 cum
762 996 824 1040 rex
847 975 1023 1039 obsidione
1043 974 1223 1052 cinxisset,
1244 980 1279 1039 ot

329 1074 366 1137 in
396 1073 643 1160 Assumptione
668 1075 826 1156 Virginis
849 1075 1009 1158 gloriosae
1032 1074 1201 1139 violenter
1223 1093 1278 1139 oe·

329 1175 449 1257 pisset,
477 1195 607 1253 omnes,
638 1176 697 1258 qni
727 1175 812 1240 illud
840 1184 961 1240 contra
988 1175 1203 1240 voluntatem
1230 1194 1279 1239 ro

329 1275 422 1356 giam
445 1282 638 1352 tenuerant,
660 1276 824 1358 suspendi
845 1274 927 1340 fecit
941 1274 984 1339 ad
1008 1275 1154 1339 aliorum
1173 1282 1279 1339 terro-

329 1394 413 1439 rem.
474 1375 668 1439 Faukosius
702 1394 797 1452 vero,
831 1376 945 1441 subito
977 1374 1125 1439 fortunae
1154 1373 1226 1440 ictu
1258 1392 1280 1438 a

329 1493 464 1538 summa
486 1475 665 1558 opulentia
689 1474 856 1559 dejectus
886 1477 921 1539 in
951 1482 1082 1540 tantam
1107 1473 1200 1538 infra
1221 1493 1278 1538 an·

329 1593 410 1637 num
436 1574 556 1639 incidit
573 1582 774 1656 egestatem,
797 1582 837 1640 nt
854 1577 912 1658 qni
933 1575 1037 1658 paulo
1051 1581 1132 1638 ante
1146 1581 1279 1639 ceteros

331 1672 469 1756 Angliae
495 1693 654 1756 proceres
677 1675 876 1740 divitiarum
900 1675 1010 1758 gloria
1033 1675 1165 1739 anteire
1186 1672 1279 1738 vide·

329 1775 444 1851 batur,
465 1775 540 1858 jam
560 1782 659 1838 actus
680 1775 715 1838 in
740 1775 900 1839 exsilium
922 1783 1058 1840 tenuem
1081 1775 1117 1837 in
1139 1767 1279 1838 ¹Galliis

329 1873 545 1956 quaeritando
573 1876 714 1952 victum,
741 1877 845 1940 etiam
873 1874 997 1958 capitis
1022 1873 1277 1939 reclinatorium

329 1993 398 2036 non
431 1973 584 2039 haberet.
652 1975 853 2058 Suppressis
887 1976 993 2058 igitur
1023 1994 1085 2057 per
1113 1972 1278 2056 Angliam

329 2073 487 2150 inimicis,
521 2075 628 2155 coepit
659 2094 720 2138 rex
750 2074 894 2159 pacifice
926 2074 1167 2139 administrare
1199 2093 1278 2157 reg·

328 2192 430 2251 num;
459 2173 519 2237 sed
543 2173 695 2237 nondum
713 2175 745 2238 ei
767 2175 810 2238 ad
830 2174 1062 2257 recuperanda
1081 2172 1219 2257 perdita
1242 2173 1278 2237 in

328 2273 484 2355 partibus
515 2272 708 2338 Galliarum
739 2274 946 2358 suppetebat
976 2273 1135 2338 facultas.
1197 2271 1278 2337 Hoc

328 2390 418 2437 anno
457 2393 479 2437 a
516 2393 608 2457 papa
645 2373 803 2439 Honorio
841 2375 1062 2439 confirmatus
1102 2380 1157 2438 est
1195 2372 1279 2438 ordo

326 2465 534 2538 'Minorum

582 2682 605 2718 Ρ.
618 2681 781 2717 ROMANORUM
795 2683 820 2720 Ε.
912 2683 1063 2719 FRANOORUM
1110 2680 1253 2719 inomao!

523 2771 629 2806 llONOllll
639 2771 678 2807 111.
707 2771 838 2806 rasusmol
850 2772 877 2809 ll.

610 2862 616 2875 .
981 2831 1006 2876 2.
1164 2830 1191 2875 i).

247 3001 258 3030 0
378 2964 586 3033 Lonovrcus
621 2970 831 3034 Francorum
869 2989 943 3047 rex,
981 2969 1200 3054 praelatique,
1238 2987 1280 3035 se

214 3052 294 3131 ”inni
327 3085 484 3147 proceres
521 3069 764 3152 quamplurimi
802 3070 838 3135 in
877 3071 1036 3147 Francia,
1076 3088 1098 3134 a
1136 3070 1278 3135 domino

327 3159 513 3245 ³Romano,
542 3168 689 3233 diacono
717 3171 896 3249 cardinali,
921 3171 1058 3253 signum
1083 3172 1199 3235 crucis
1222 3188 1278 3235 ao·

327 3265 458 3348 cipiunt
483 3276 604 3332 contra
630 3269 809 3335 haereticos
834 3269 1049 3352 Albigenses.
1103 3269 1279 3335 Ricardns

326 3384 440 3429 comes
466 3366 661 3447 Cornubiae,
686 3368 793 3434 frater
814 3371 917 3454 regis,
939 3377 974 3434 et
988 3370 1183 3436 avunculus
1203 3370 1279 3456 ojus

327 3465 521 3530 Willelmus
540 3487 654 3533 comes
678 3469 813 3548 Samm‚
836 3491 914 3535 cum
938 3470 1055 3535 multis
1076 3471 1278 3554 proceribus

325 3565 360 3628 in
387 3566 595 3631 Vasconiam
627 3570 894 3652 proficiscentes,
926 3589 1088 3654 prospere
1112 3590 1169 3635 res
1198 3588 1276 3654 ges·

325 3674 453 3731 serunt.

360 3891 368 3924 ¹
386 3895 512 3947 ‘Gallicis
524 3889 538 3955 ;’
550 3890 618 3943 D'A.

359 3960 554 4026 ’‘Meinims3‘
579 3965 621 4014 Fr,
637 3965 696 4014 Tu:
718 3965 786 4016 ‘fra-
847 3964 1032 4031 ⁸Wuntingiu
1044 3963 1113 4018 D'A.

323 4042 387 4086 trum
398 4037 526 4085 Minorum
537 4035 553 4093 ς’
564 4035 610 4085 Ar.
