2896 4860
165 1895 200 1935 lle
208 1904 303 1984 reooveirr

165 1945 276 2035 ΗοηιιτοῐέιιΙΙ

164 2046 247 2086 enrtler.

327 392 392 457 190
683 408 756 457 uro.
781 408 929 457 rnrvnri

329 567 475 632 thedrali
491 566 736 644 wintoniensi,
754 568 911 651 praestita
927 567 1100 652 juratoria
1117 564 1279 630 cautione

326 668 369 732 de
386 669 602 733 restitutione
618 668 812 732 ablatorum
829 678 899 734 tam
913 668 1046 733 clericis
1061 686 1165 752 quam
1181 666 1279 731 laicis

328 769 496 847 facienda,
518 778 554 834 et
579 769 782 852 recipiendis
807 771 964 835 omnibus
987 771 1024 833 in
1042 769 1181 853 plenam
1201 785 1281 850 gra-

328 871 411 933 tiam
435 879 470 933 et
487 889 650 935 amorem.
704 869 839 935 Exinde
863 870 1088 954 Pandulphus
1113 863 1280 951 ¹legatur,

326 970 361 1032 in
388 968 539 1035 Galliam
568 971 751 1049 transiens,
774 971 987 1036 Francorum
1014 971 1088 1053 regi
1114 969 1278 1052 Philippo

326 1072 391 1134 sub
431 1071 662 1136 anathematis
698 1072 977 1138 interminatione
1014 1070 1203 1156 prohibuit,
1235 1089 1279 1133 ue

327 1173 490 1237 transiret
519 1174 554 1236 in
586 1171 763 1255 Angliam,
793 1166 872 1238 ²seu
899 1193 1016 1256 regem
1042 1170 1182 1255 Angliae
1203 1170 1278 1255 jam

326 1273 583 1337 reconciliatum
605 1274 771 1350 ecclesiae,
794 1293 864 1357 quo
888 1274 1000 1338 minus
1016 1292 1159 1355 reguum
1178 1291 1279 1335 suum

328 1373 469 1455 pacifice
501 1374 704 1456 possideret,
736 1375 955 1458 aliquatenus
980 1394 1041 1457 per
1066 1394 1105 1438 se
1135 1372 1191 1438 vol
1219 1391 1280 1455 per

327 1474 414 1538 alios
445 1474 636 1541 infestaret.
698 1474 848 1540 Duravit
882 1484 996 1540 tamen
1026 1474 1138 1539 adhue
1172 1474 1280 1537 inter·

327 1573 457 1639 dictum
482 1576 517 1639 in
544 1575 685 1657 Anglia,
716 1576 808 1640 clero
835 1575 920 1640 illud
947 1575 1097 1640 relaxari
1127 1574 1279 1650 uolente,

328 1694 507 1758 quousque
536 1676 579 1740 de
611 1677 738 1741 ablatis
765 1676 982 1741 satisfactum
1012 1681 1104 1740 esset
1133 1675 1179 1739 ad
1209 1673 1279 1759 ple·

329 1794 422 1839 num.

378 1875 401 1939 J
404 1895 534 1940 oannes
552 1897 614 1940 rex
636 1877 754 1942 eodem
775 1896 866 1941 anno
883 1876 1123 1953 transfretans,
1141 1894 1280 1959 suseep-

278 1945 384 2040 ¹⁸tus
407 1984 460 2040 est
477 1976 694 2042 honorilice
685 1999 720 2041 m
742 1978 905 2061 Rupella.
958 1977 1034 2042 Nec
1056 1976 1166 2040 multo
1188 1983 1280 2059 post,

329 2076 558 2142 reconciliatis
580 2079 646 2142 sibi
668 2079 793 2143 comite
816 2078 983 2143 Marehiae
1007 2085 1042 2143 et
1058 2075 1219 2141 Galsrido
1237 2076 1280 2141 de

329 2177 546 2243 Laudunano
569 2180 659 2263 cepit
681 2182 799 2244 urbem
823 2179 1121 2262 Andegavensem‚
1145 2186 1180 2242 et
1203 2196 1279 2242 cas·

330 2287 417 2343 trum
440 2279 533 2363 quod
556 2280 683 2344 dicitur
710 2280 967 2358 Bellum-sorte,
993 2280 1149 2362 aliasque
1171 2278 1281 2342 muni-

329 2381 441 2443 tiones
472 2381 703 2464 quamplures.
756 2381 875 2445 Turba
905 2381 1052 2446 militum
1079 2380 1157 2464 ejus
1182 2385 1280 2444 trans

330 2481 480 2563 Ligerim
498 2483 604 2545 missa
621 2482 664 2545 ad
682 2481 917 2565 praedandum,
935 2482 1127 2546 Robertum
1144 2480 1281 2545 eomitis

330 2581 521 2645 Drocarum
546 2582 665 2660 lilium,
695 2591 730 2647 et
759 2583 884 2647 milites
916 2580 1176 2666 quatuordecim
1204 2600 1281 2645 cum

328 2701 369 2746 eo
387 2683 421 2745 in
440 2684 557 2760 armis,
574 2684 639 2747 sibi
657 2691 875 2747 occurrentes
891 2691 1066 2767 ceperunt.

345 2925 369 2961 1).
380 2925 404 2959 Ν.
417 2924 436 2960 l.
447 2926 470 2961 0.
563 2925 585 2962 Ρ.
598 2925 762 2961 ROMANORUM
775 2926 801 2963 ll.
917 2924 1071 2961 PRANOORUM
1121 2922 1260 2959 tuomum!

352 3012 457 3050 uoexrv.
487 3013 635 3050 runoorsru
648 3014 689 3050 ιιι.
703 3014 837 3050 rnuouutcr
850 3014 879 3053 ιι.
917 3011 1069 3048 ruurrrtu.
1136 3011 1243 3048 ιοιιιιιιι

779 3077 803 3122 a.
971 3074 1011 3119 ³³.
1169 3075 1210 3120 1⁵.

388 3238 557 3303 Joluuns
591 3259 664 3317 rex,
695 3239 889 3323 impetratis
920 3256 942 3300 a
975 3236 1056 3300 sede
1090 3236 1283 3319 apostolica

327 3339 478 3423 quinque
501 3359 668 3404 annorum
691 3339 838 3404 induciis
861 3357 965 3421 super
986 3336 1205 3403 restitutione
1222 3338 1282 3404 ab·

328 3441 489 3518 latorum,
510 3441 561 3505 ita
576 3441 668 3524 quod
685 3440 830 3523 siugulis
853 3439 952 3503 annis
974 3430 1101 3520 ³usque
1125 3438 1168 3501 ad
1192 3458 1282 3505 com·

327 3542 538 3625 plemeutum
571 3561 641 3605 una
673 3541 829 3626 pecuniae
861 3540 974 3624 portio
1002 3538 1207 3617 solveretur,
1231 3541 1283 3604 in-

329 3643 400 3707 vito
422 3643 515 3707 clero
536 3641 786 3708 relaxationem
809 3641 960 3707 obtinuit
982 3640 1169 3716 interdicti,
1189 3640 1281 3724 quod

323 3743 398 3827 jam
416 3763 479 3807 sex
496 3743 608 3819 annis,
632 3744 805 3808 mensibus
824 3742 946 3819 tribus,
963 3749 999 3805 et
1014 3740 1133 3805 diebus
1150 3749 1281 3824 septem

328 3850 363 3909 et
393 3845 510 3909 decem
536 3842 734 3909 duraverat.
787 3842 916 3908 Urbem
942 3862 1024 3906 vero
1052 3839 1285 3924 Andagaven·

329 3945 430 4022 sium,
454 3965 557 4029 quam
581 3965 690 4030 nuper
711 3952 862 4029 ceperat,
885 3962 994 4026 usque
1017 3941 1060 4006 ad
1084 3942 1283 4007 Medianum

365 4171 375 4279 ζ
389 4175 548 4294 :legatupyip
556 4174 676 4239 Anguem
684 4171 700 4237 ;’
712 4176 758 4226 Ar.
804 4164 808 4275 p
848 4174 859 4207 ³
875 4178 974 4240 ‘usque
983 4178 1193 4240 complementum
1202 4174 1218 4241 ς’
1230 4181 1269 4231 Μ.

407 4260 472 4305 neu3
553 4282 559 4296 .
