2896 4860
560 410 746 461 aurnuns.
1070 399 1132 464 151

177 569 396 653 imperatore,
413 569 470 633 cui
491 590 551 652 per
569 569 690 634 ducem
708 568 860 633 Austriae
879 568 1031 633 redditus
1046 579 1130 648 erat,

177 669 324 734 detineri
356 671 544 752 captivum,
572 676 821 752 suggesserunt
852 669 883 732 ei
917 676 955 733 ut
985 670 1129 734 liberum
1179 659 1184 667 ⁵

177 770 355 834 dimissum
381 771 510 835 sineret
539 771 583 834 ad
615 770 755 854 propria
778 763 952 834 remeare.¹
1006 769 1129 854 Neque

178 871 268 935 enim
295 873 419 936 merita
444 871 520 955 ejus
544 872 594 936 sic
617 871 910 954 recompensanda
934 879 1045 948 erant,
1069 873 1128 954 qui

178 990 241 1054 pro
273 973 379 1037 totius
409 971 680 1037 Christianitatis
711 972 851 1054 negotio
883 978 937 1035 tot
968 971 1128 1054 periculis

178 1072 360 1155 expositus
389 1073 515 1151 fuerat,
553 1080 588 1138 et
620 1073 796 1137 laboribus
833 1073 940 1137 tantis
977 1073 1128 1139 attritus.

179 1170 375 1255 Imperator
401 1193 483 1237 vero
511 1174 546 1236 in
574 1175 628 1237 sui
654 1172 912 1238 excusationem
937 1172 1075 1238 dicebat
1092 1194 1129 1238 se

178 1273 224 1337 ab
253 1293 296 1337 eo
326 1273 466 1355 exigere
502 1275 695 1356 pecuniam,
730 1267 830 1356 ²quia
867 1281 994 1338 terram
1030 1293 1128 1337 suam

178 1372 331 1438 Siciliam
349 1374 497 1438 asseruit
514 1394 590 1438 eum
607 1373 797 1457 spoliasse;
824 1382 945 1439 contra
960 1373 1052 1456 quod
1068 1395 1129 1438 rex

180 1473 354 1540 Ricardus
373 1495 410 1539 se
427 1474 510 1539 nibil
533 1476 599 1539 nisi
621 1475 736 1539 dotem
759 1476 886 1539 sororis
908 1494 981 1538 suar
1007 1493 1028 1537 a
1049 1494 1131 1557 rege

178 1574 359 1639 Tancredo
387 1576 506 1640 retulit
529 1576 699 1658 exegisse.
751 1575 844 1639 Dum
866 1575 941 1639 haec
967 1583 1130 1656 aguntur,

179 1683 303 1741 taxato
325 1677 369 1740 ab
393 1676 599 1759 imperatore
619 1675 863 1759 redemptionis
888 1676 998 1758 pretio
1022 1694 1131 1759 usque

178 1775 224 1841 ad
262 1776 412 1842 ducenta
445 1778 554 1841 millia
585 1796 791 1853 marcarum,
823 1775 989 1841 Alienora
1020 1785 1132 1841 mater

178 1877 271 1959 regis
300 1879 499 1960 procuravit
528 1879 563 1941 in
593 1879 685 1941 omni
716 1885 820 1961 gente
856 1897 920 1941 sua
952 1877 1131 1942 collectam

180 1978 255 2042 lieri
284 1978 487 2060 plurimam;
523 1979 765 2061 variarumque
794 1977 1052 2042 distractionem
1080 1998 1132 2042 re-

178 2097 254 2143 rum
270 2071 362 2155 ³rex,
386 2086 425 2141 ut
448 2079 491 2142 ad
517 2086 672 2144 taxatam
695 2098 862 2143 summam
888 2078 1132 2161 redemptionis

177 2197 302 2243 census
325 2187 551 2244 excresceret.
603 2178 873 2262 Accipiebantur
895 2180 999 2244 etiam
1017 2181 1060 2243 ab
1078 2199 1133 2243 ec-

179 2278 293 2344 clesiis
307 2281 445 2357 calices,
460 2300 545 2344 vasa
571 2299 709 2363 quoqne
730 2299 836 2344 aurea
859 2289 894 2344 et
911 2286 1076 2361 argentea
1097 2280 1131 2343 in

180 2398 266 2444 usus
287 2381 540 2445 ecclesiasticos
564 2389 787 2458 consecrata3
817 2388 972 2446 necerat
989 2380 1055 2443 boc
1078 2400 1133 2443 so·

181 2481 329 2545 cundum
350 2480 495 2546 Petrum
520 2482 660 2546 decreta
682 2482 852 2559 illicitum,
868 2501 946 2546 cum
962 2482 1134 2563 urgentis·

179 2581 287 2646 simus
301 2582 449 2646 instaret
467 2583 684 2648 necessitatis
702 2583 882 2648 articulus,

438 2833 460 2869 P.
475 2831 637 2868 ROMANORUM
652 2832 677 2868 R.
762 2825 765 2887 l
781 2832 934 2867 FRANGORUM
977 2830 1114 2866 tholorum

211 2918 315 2956 auxen.
358 2902 558 3037 emersurum!
586 2917 738 2954 uesarorvr.
762 2891 949 3032 irnrnrrrrns
977 2920 1080 2955 nicrum
1092 2920 1111 2955 1.

440 2980 464 3025 ³.
634 2979 657 3024 3.
670 2979 695 3023 4.
840 2978 879 3023 13.
1033 2982 1058 3026 5.

228 3145 426 3211 chmnos
444 3163 506 3207 rex
523 3151 648 3226 quarto
667 3162 777 3206 nonas
794 3142 973 3207 Februarii
989 3145 1135 3226 pecunia
1148 3160 1281 3212 Thestoris

180 3245 422 3328 redemptionis
447 3245 563 3309 soluta
585 3243 763 3321 liberatus,
785 3263 806 3307 a
823 3243 1008 3326 Maguntia
1025 3254 1135 3310 teten-
1148 3213 1266 3303 {iiiiii

182 3347 279 3412 ditin
299 3346 493 3422 Coloniam,
516 3346 559 3408 ab
584 3344 842 3427 archiepiscopo
866 3345 1017 3409 civitatis
1043 3345 1136 3409 illius

181 3447 429 3512 instantissime
451 3445 637 3524 invitatus3
666 3464 687 3508 a
712 3464 781 3527 quo
801 3445 835 3507 in
855 3445 1000 3509 ecclesia
1022 3446 1135 3510 cathe-

181 3548 268 3612 drali
286 3554 446 3630 receptus
463 3547 604 3611 missam
623 3545 768 3622 audivit,
784 3546 859 3628 ipso
877 3546 1135 3630 archiepiscopo

182 3648 333 3713 cantoris
368 3646 514 3710 officium
553 3646 748 3728 supplente,
787 3654 823 3709 et
857 3644 1003 3709 officium
1039 3648 1136 3726 illud,

181 3748 307 3815 ‘Nunc
329 3747 401 3811 scio
419 3740 541 3824 ⁴vere,'
567 3747 747 3810 celebriter
773 3745 966 3810 inchoante.
1002 3747 1136 3811 Deinde

216 3970 223 4001 ¹
240 3974 377 4024 SeePeter
388 3973 416 4023 oi
426 3973 507 4032 blois,
515 3974 593 4022 about
603 3972 645 4022 the
671 3986 744 4032 ence,
754 3972 863 4021 wbither
880 3972 992 4022 Richard
1010 3988 1064 4022 was
1082 3978 1139 4021 sent

180 4044 374 4107 queenmotber
386 4039 515 4093 Elennor's
531 4044 645 4093 interest·
672 4045 706 4105 by
718 4042 760 4091 the
771 4058 893 4104 emperor.

181 4116 224 4179 ing
237 4115 336 4165 herself
350 4115 389 4164 t'or
408 4115 448 4163 bis
463 4115 575 4176 roleuse;
598 4116 645 4177 Ep.
708 4110 718 4139 ²
735 4114 801 4175 ‘qua
812 4111 827 4174 ;’
842 4114 902 4163 God.
917 4114 980 4173 neg.

182 4189 239 4250 144,
250 4191 308 4246 145,
319 4190 375 4236 lto.
406 4185 469 4235 Also
480 4185 520 4235 his
532 4186 581 4246 Ep.
592 4190 647 4247 130,
708 4181 718 4213 '
734 4180 809 4234 ‘rex’
823 4184 843 4232 is
856 4184 968 4246 wanting
981 4186 1005 4231 in
1019 4181 1086 4234 D'A.

180 4262 206 4305 to
228 4257 381 4319 arebbiehop
401 4256 503 4306 Conrad
523 4255 552 4305 os
573 4256 646 4318 May·
708 4252 717 4282 ⁴
736 4256 795 4305 Cod.
811 4256 874 4317 Reg.
887 4254 932 4304 has
944 4251 1044 4319 ‘corto,’
1056 4255 1142 4306 which
