<?xml version="1.0" encoding="UTF-8"?>
<!DOCTYPE html PUBLIC "-//W3C//DTD XHTML 1.0 Transitional//EN"
    "http://www.w3.org/TR/xhtml1/DTD/xhtml1-transitional.dtd">
<html xmlns="http://www.w3.org/1999/xhtml" xml:lang="en" lang="en">
 <head>
  <title>
</title>
<meta http-equiv="Content-Type" content="text/html;charset=utf-8" />
  <meta name='ocr-system' content='tesseract 3.04.00' />
  <meta name='ocr-capabilities' content='ocr_page ocr_carea ocr_par ocr_line ocrx_word'/>
</head>
<body>
  <div class='ocr_page' id='page_1' title='image "./fnicholaitrivet01trivgoog_0106.png"; bbox 0 0 2896 4860; ppageno 0'>
   <div class='ocr_carea' id='block_1_1' title="bbox 535 391 1097 455">
    <p class='ocr_par' dir='ltr' id='par_1_1' title="bbox 535 391 1097 455">
     <span class='ocr_line' id='line_1_1' title="bbox 535 391 1097 455; baseline 0.002 -1"><span class='ocrx_word' id='word_1_1' title='bbox 535 401 714 454; x_wconf 76' lang='lat' dir='ltr'><strong>ANNAhRs.</strong></span> <span class='ocrx_word' id='word_1_2' title='bbox 1053 391 1097 455; x_wconf 84' lang='grc'><strong>75</strong></span> 
     </span>
    </p>
   </div>
   <div class='ocr_carea' id='block_1_2' title="bbox 140 560 1230 1446">
    <p class='ocr_par' dir='ltr' id='par_1_2' title="bbox 140 560 1230 1446">
     <span class='ocr_line' id='line_1_2' title="bbox 140 560 1097 647; baseline 0.001 -19"><span class='ocrx_word' id='word_1_3' title='bbox 140 562 303 640; x_wconf 84' lang='lat' dir='ltr'><strong>traditus,</strong></span> <span class='ocrx_word' id='word_1_4' title='bbox 330 560 486 644; x_wconf 89' lang='lat' dir='ltr'><strong>pluribus</strong></span> <span class='ocrx_word' id='word_1_5' title='bbox 509 561 772 627; x_wconf 85' lang='lat' dir='ltr'><strong>Flandrensium</strong></span> <span class='ocrx_word' id='word_1_6' title='bbox 801 562 1018 647; x_wconf 88' lang='lat' dir='ltr'><strong>aliorumque</strong></span> <span class='ocrx_word' id='word_1_7' title='bbox 1040 585 1097 629; x_wconf 91' lang='lat' dir='ltr'><strong>oc-</strong></span> 
     </span>
     <span class='ocr_line' id='line_1_3' title="bbox 140 662 1097 748; baseline 0.001 -20"><span class='ocrx_word' id='word_1_8' title='bbox 140 664 236 740; x_wconf 89' lang='lat' dir='ltr'><strong>cisis,</strong></span> <span class='ocrx_word' id='word_1_9' title='bbox 253 662 439 744; x_wconf 91' lang='lat' dir='ltr'><strong>multisque</strong></span> <span class='ocrx_word' id='word_1_10' title='bbox 455 664 577 745; x_wconf 86' lang='lat' dir='ltr'><strong>captis.</strong></span> <span class='ocrx_word' id='word_1_11' title='bbox 630 663 785 727; x_wconf 79' lang='lat' dir='ltr'><strong>Baiones</strong></span> <span class='ocrx_word' id='word_1_12' title='bbox 810 664 918 748; x_wconf 87' lang='lat' dir='ltr'>aliqui</span> <span class='ocrx_word' id='word_1_13' title='bbox 936 664 1097 729; x_wconf 91' lang='lat' dir='ltr'><strong>Britones</strong></span> 
     </span>
     <span class='ocr_line' id='line_1_4' title="bbox 141 762 1095 845; baseline 0.002 -18"><span class='ocrx_word' id='word_1_14' title='bbox 141 771 177 827; x_wconf 89' lang='lat' dir='ltr'><strong>et</strong></span> <span class='ocrx_word' id='word_1_15' title='bbox 198 762 406 840; x_wconf 87' lang='lat' dir='ltr'><strong>Narmanni,</strong></span> <span class='ocrx_word' id='word_1_16' title='bbox 427 763 544 845; x_wconf 88' lang='lat' dir='ltr'><strong>captis·</strong></span> <span class='ocrx_word' id='word_1_17' title='bbox 559 763 806 827; x_wconf 88' lang='lat' dir='ltr'><strong>munitionibus</strong></span> <span class='ocrx_word' id='word_1_18' title='bbox 826 783 943 827; x_wconf 88' lang='lat' dir='ltr'><strong>eorum</strong></span> <span class='ocrx_word' id='word_1_19' title='bbox 963 772 999 828; x_wconf 86' lang='lat' dir='ltr'><strong>et</strong></span> <span class='ocrx_word' id='word_1_20' title='bbox 1020 784 1095 829; x_wconf 87' lang='lat' dir='ltr'><strong>cas-</strong></span> 
     </span>
     <span class='ocr_line' id='line_1_5' title="bbox 142 862 1095 945; baseline 0.002 -18"><span class='ocrx_word' id='word_1_21' title='bbox 142 862 235 927; x_wconf 84' lang='lat' dir='ltr'><strong>tellis</strong></span> <span class='ocrx_word' id='word_1_22' title='bbox 266 881 289 927; x_wconf 89' lang='lat' dir='ltr'><strong>a</strong></span> <span class='ocrx_word' id='word_1_23' title='bbox 316 881 398 945; x_wconf 82' lang='lat' dir='ltr'><strong>rege</strong></span> <span class='ocrx_word' id='word_1_24' title='bbox 430 863 575 941; x_wconf 88' lang='lat' dir='ltr'><strong>seniore,</strong></span> <span class='ocrx_word' id='word_1_25' title='bbox 604 862 649 926; x_wconf 91' lang='lat' dir='ltr'><strong>ad</strong></span> <span class='ocrx_word' id='word_1_26' title='bbox 682 882 822 928; x_wconf 85' lang='lat' dir='ltr'><strong>nemora</strong></span> <span class='ocrx_word' id='word_1_27' title='bbox 848 863 1095 945; x_wconf 83' lang='lat' dir='ltr'><strong>confugientes,</strong></span> 
     </span>
     <span class='ocr_line' id='line_1_6' title="bbox 143 962 1096 1045; baseline 0.001 -18"><span class='ocrx_word' id='word_1_28' title='bbox 143 970 254 1027; x_wconf 86' lang='lat' dir='ltr'><strong>terras</strong></span> <span class='ocrx_word' id='word_1_29' title='bbox 293 963 387 1045; x_wconf 82' lang='lat' dir='ltr'><strong>regis</strong></span> <span class='ocrx_word' id='word_1_30' title='bbox 428 981 522 1026; x_wconf 89' lang='lat' dir='ltr'><strong>more</strong></span> <span class='ocrx_word' id='word_1_31' title='bbox 558 962 836 1027; x_wconf 81' lang='lat' dir='ltr'><strong>latrocinantium</strong></span> <span class='ocrx_word' id='word_1_32' title='bbox 875 963 1096 1029; x_wconf 82' lang='lat' dir='ltr'><strong>infestabant.</strong></span> 
     </span>
     <span class='ocr_line' id='line_1_7' title="bbox 142 1061 1097 1146; baseline 0.002 -20"><span class='ocrx_word' id='word_1_33' title='bbox 142 1062 226 1126; x_wconf 84' lang='lat' dir='ltr'><strong>Rex</strong></span> <span class='ocrx_word' id='word_1_34' title='bbox 256 1063 372 1127; x_wconf 87' lang='lat' dir='ltr'><strong>senior</strong></span> <span class='ocrx_word' id='word_1_35' title='bbox 405 1063 528 1126; x_wconf 90' lang='lat' dir='ltr'><strong>summi</strong></span> <span class='ocrx_word' id='word_1_36' title='bbox 561 1061 736 1146; x_wconf 87' lang='lat' dir='ltr'><strong>pontificis</strong></span> <span class='ocrx_word' id='word_1_37' title='bbox 769 1063 938 1127; x_wconf 84' lang='lat' dir='ltr'><strong>auxilium</strong></span> <span class='ocrx_word' id='word_1_38' title='bbox 976 1072 1097 1129; x_wconf 89' lang='lat' dir='ltr'><strong>contra</strong></span> 
     </span>
     <span class='ocr_line' id='line_1_8' title="bbox 142 1162 1097 1248; baseline 0.001 -22"><span class='ocrx_word' id='word_1_39' title='bbox 142 1162 233 1227; x_wconf 86' lang='lat' dir='ltr'><strong>lilios</strong></span> <span class='ocrx_word' id='word_1_40' title='bbox 264 1162 465 1244; x_wconf 88' lang='lat' dir='ltr'><strong>implorans,</strong></span> <span class='ocrx_word' id='word_1_41' title='bbox 501 1162 611 1227; x_wconf 88' lang='lat' dir='ltr'><strong>eidem</strong></span> <span class='ocrx_word' id='word_1_42' title='bbox 643 1163 779 1227; x_wconf 80' lang='lat' dir='ltr'><strong>litteras</strong></span> <span class='ocrx_word' id='word_1_43' title='bbox 808 1163 948 1246; x_wconf 85' lang='lat' dir='ltr'><strong>scripsit</strong></span> <span class='ocrx_word' id='word_1_44' title='bbox 977 1163 1097 1248; x_wconf 87' lang='lat' dir='ltr'><strong>hujus-</strong></span> 
     </span>
     <span class='ocr_line' id='line_1_9' title="bbox 140 1262 404 1327; baseline 0.008 -2"><span class='ocrx_word' id='word_1_45' title='bbox 140 1262 236 1326; x_wconf 89' lang='lat' dir='ltr'><strong>modi</strong></span> <span class='ocrx_word' id='word_1_46' title='bbox 252 1262 404 1327; x_wconf 85' lang='lat' dir='ltr'><strong>tenoris:</strong></span> 
     </span>
     <span class='ocr_line' id='line_1_10' title="bbox 192 1359 1230 1446; baseline -0.001 -20"><span class='ocrx_word' id='word_1_47' title='bbox 192 1361 442 1426; x_wconf 86' lang='lat' dir='ltr'><strong>‘Sanctissimo</strong></span> <span class='ocrx_word' id='word_1_48' title='bbox 459 1380 523 1424; x_wconf 89' lang='lat' dir='ltr'><strong>suo</strong></span> <span class='ocrx_word' id='word_1_49' title='bbox 540 1359 679 1425; x_wconf 94' lang='lat' dir='ltr'><strong>domino</strong></span> <span class='ocrx_word' id='word_1_50' title='bbox 695 1360 908 1442; x_wconf 84' lang='lat' dir='ltr'><strong>Alexandro,</strong></span> <span class='ocrx_word' id='word_1_51' title='bbox 927 1362 998 1426; x_wconf 83' lang='lat' dir='ltr'><strong>Dur</strong></span> <span class='ocrx_word' id='word_1_52' title='bbox 1017 1381 1096 1444; x_wconf 77' lang='lat' dir='ltr'><strong>gra·</strong></span> <span class='ocrx_word' id='word_1_53' title='bbox 1108 1395 1230 1446; x_wconf 57' lang='lat' dir='ltr'><strong>mum</strong></span> 
     </span>
    </p>
   </div>
   <div class='ocr_carea' id='block_1_3' title="bbox 141 1446 1244 1547">
    <p class='ocr_par' dir='ltr' id='par_1_3' title="bbox 141 1446 1244 1547">
     <span class='ocr_line' id='line_1_11' title="bbox 141 1446 1244 1547; baseline 0.004 -22"><span class='ocrx_word' id='word_1_54' title='bbox 141 1462 192 1526; x_wconf 86' lang='lat' dir='ltr'><strong>tia</strong></span> <span class='ocrx_word' id='word_1_55' title='bbox 210 1460 401 1526; x_wconf 78' lang='lat' dir='ltr'><strong>Catholicae</strong></span> <span class='ocrx_word' id='word_1_56' title='bbox 416 1460 570 1526; x_wconf 88' lang='lat' dir='ltr'><strong>eeclesiae</strong></span> <span class='ocrx_word' id='word_1_57' title='bbox 585 1480 718 1525; x_wconf 90' lang='lat' dir='ltr'><strong>summo</strong></span> <span class='ocrx_word' id='word_1_58' title='bbox 734 1461 901 1544; x_wconf 87' lang='lat' dir='ltr'><strong>pontifici,</strong></span> <span class='ocrx_word' id='word_1_59' title='bbox 921 1461 1095 1527; x_wconf 86' lang='lat' dir='ltr'><strong>Hauricus</strong></span> <span class='ocrx_word' id='word_1_60' title='bbox 1107 1446 1244 1547; x_wconf 51' lang='lat' dir='ltr'><strong>{imm</strong></span> 
     </span>
    </p>
   </div>
   <div class='ocr_carea' id='block_1_4' title="bbox 143 1547 1249 1647">
    <p class='ocr_par' dir='ltr' id='par_1_4' title="bbox 143 1547 1249 1647">
     <span class='ocr_line' id='line_1_12' title="bbox 143 1547 1249 1647; baseline 0.005 -24"><span class='ocrx_word' id='word_1_61' title='bbox 143 1582 208 1626; x_wconf 88' lang='lat' dir='ltr'><strong>rex</strong></span> <span class='ocrx_word' id='word_1_62' title='bbox 222 1560 430 1645; x_wconf 80' lang='lat' dir='ltr'><strong>Anglorum,</strong></span> <span class='ocrx_word' id='word_1_63' title='bbox 446 1561 517 1624; x_wconf 88' lang='lat' dir='ltr'><strong>dux</strong></span> <span class='ocrx_word' id='word_1_64' title='bbox 540 1560 575 1625; x_wconf 94' lang='lat' dir='ltr'>N</span> <span class='ocrx_word' id='word_1_65' title='bbox 578 1562 764 1625; x_wconf 90' lang='lat' dir='ltr'><strong>ormanniae</strong></span> <span class='ocrx_word' id='word_1_66' title='bbox 783 1570 818 1626; x_wconf 86' lang='lat' dir='ltr'><strong>et</strong></span> <span class='ocrx_word' id='word_1_67' title='bbox 831 1561 1044 1645; x_wconf 79' lang='lat' dir='ltr'><strong>Aquitaniae,</strong></span> <span class='ocrx_word' id='word_1_68' title='bbox 1060 1570 1095 1628; x_wconf 93' lang='lat' dir='ltr'><strong>et</strong></span> <span class='ocrx_word' id='word_1_69' title='bbox 1106 1547 1249 1647; x_wconf 56' lang='lat' dir='ltr'><strong>ffissffiffl&#39;</strong></span> 
     </span>
    </p>
   </div>
   <div class='ocr_carea' id='block_1_5' title="bbox 140 1648 1243 3742">
    <p class='ocr_par' dir='ltr' id='par_1_5' title="bbox 140 1648 1243 3742">
     <span class='ocr_line' id='line_1_13' title="bbox 140 1648 1243 1744; baseline 0.002 -18"><span class='ocrx_word' id='word_1_70' title='bbox 140 1680 256 1726; x_wconf 88' lang='lat' dir='ltr'><strong>comes</strong></span> <span class='ocrx_word' id='word_1_71' title='bbox 273 1655 512 1744; x_wconf 82' lang='lat' dir='ltr'><strong>¹Andeguviaa,</strong></span> <span class='ocrx_word' id='word_1_72' title='bbox 535 1659 681 1725; x_wconf 83' lang='lat' dir='ltr'><strong>salutem</strong></span> <span class='ocrx_word' id='word_1_73' title='bbox 704 1669 739 1726; x_wconf 89' lang='lat' dir='ltr'><strong>et</strong></span> <span class='ocrx_word' id='word_1_74' title='bbox 761 1662 896 1727; x_wconf 82' lang='lat' dir='ltr'><strong>devotae</strong></span> <span class='ocrx_word' id='word_1_75' title='bbox 919 1648 1243 1738; x_wconf 55' lang='lat' dir='ltr'><strong>servitutisffiffiff‘</strong></span> 
     </span>
     <span class='ocr_line' id='line_1_14' title="bbox 141 1760 1094 1845; baseline 0 -19"><span class='ocrx_word' id='word_1_76' title='bbox 141 1762 356 1843; x_wconf 86' lang='lat' dir='ltr'><strong>obsequium.</strong></span> <span class='ocrx_word' id='word_1_77' title='bbox 409 1761 454 1824; x_wconf 92' lang='lat' dir='ltr'><strong>In</strong></span> <span class='ocrx_word' id='word_1_78' title='bbox 476 1779 681 1843; x_wconf 77' lang='lat' dir='ltr'><strong>magnorum</strong></span> <span class='ocrx_word' id='word_1_79' title='bbox 707 1760 940 1827; x_wconf 83' lang='lat' dir='ltr'><strong>discriminum</strong></span> <span class='ocrx_word' id='word_1_80' title='bbox 967 1782 1094 1845; x_wconf 83' lang='lat' dir='ltr'><strong>angus·</strong></span> 
     </span>
     <span class='ocr_line' id='line_1_15' title="bbox 142 1860 1096 1939; baseline 0.001 -14"><span class='ocrx_word' id='word_1_81' title='bbox 142 1861 214 1939; x_wconf 85' lang='lat' dir='ltr'><strong>tiis,</strong></span> <span class='ocrx_word' id='word_1_82' title='bbox 233 1861 292 1925; x_wconf 91' lang='lat' dir='ltr'><strong>ubi</strong></span> <span class='ocrx_word' id='word_1_83' title='bbox 314 1861 503 1926; x_wconf 88' lang='lat' dir='ltr'><strong>domestica</strong></span> <span class='ocrx_word' id='word_1_84' title='bbox 526 1860 671 1925; x_wconf 88' lang='lat' dir='ltr'><strong>consilia</strong></span> <span class='ocrx_word' id='word_1_85' title='bbox 698 1862 883 1925; x_wconf 89' lang='lat' dir='ltr'><strong>remedium</strong></span> <span class='ocrx_word' id='word_1_86' title='bbox 907 1882 975 1926; x_wconf 92' lang='lat' dir='ltr'><strong>non</strong></span> <span class='ocrx_word' id='word_1_87' title='bbox 999 1864 1096 1927; x_wconf 87' lang='lat' dir='ltr'><strong>inve·</strong></span> 
     </span>
     <span class='ocr_line' id='line_1_16' title="bbox 143 1960 1095 2045; baseline 0.002 -21"><span class='ocrx_word' id='word_1_88' title='bbox 143 1961 255 2038; x_wconf 89' lang='lat' dir='ltr'><strong>ninnt,</strong></span> <span class='ocrx_word' id='word_1_89' title='bbox 277 1980 395 2025; x_wconf 91' lang='lat' dir='ltr'><strong>eorum</strong></span> <span class='ocrx_word' id='word_1_90' title='bbox 413 1960 578 2041; x_wconf 82' lang='lat' dir='ltr'><strong>suffragia</strong></span> <span class='ocrx_word' id='word_1_91' title='bbox 594 1961 832 2043; x_wconf 87' lang='lat' dir='ltr'><strong>implorantur,</strong></span> <span class='ocrx_word' id='word_1_92' title='bbox 850 1981 996 2045; x_wconf 90' lang='lat' dir='ltr'><strong>quorum</strong></span> <span class='ocrx_word' id='word_1_93' title='bbox 1013 1982 1095 2044; x_wconf 91' lang='lat' dir='ltr'><strong>pru·</strong></span> 
     </span>
     <span class='ocr_line' id='line_1_17' title="bbox 143 2060 1095 2144; baseline 0.001 -19"><span class='ocrx_word' id='word_1_94' title='bbox 143 2061 294 2125; x_wconf 90' lang='lat' dir='ltr'><strong>dentiam</strong></span> <span class='ocrx_word' id='word_1_95' title='bbox 321 2062 359 2125; x_wconf 92' lang='lat' dir='ltr'><strong>in</strong></span> <span class='ocrx_word' id='word_1_96' title='bbox 386 2060 567 2126; x_wconf 84' lang='lat' dir='ltr'><strong>altioribus</strong></span> <span class='ocrx_word' id='word_1_97' title='bbox 598 2062 746 2143; x_wconf 80' lang='lat' dir='ltr'><strong>negotiis</strong></span> <span class='ocrx_word' id='word_1_98' title='bbox 778 2063 993 2144; x_wconf 83' lang='lat' dir='ltr'><strong>experientia</strong></span> <span class='ocrx_word' id='word_1_99' title='bbox 1019 2062 1095 2126; x_wconf 92' lang='lat' dir='ltr'><strong>diu·</strong></span> 
     </span>
     <span class='ocr_line' id='line_1_18' title="bbox 143 2159 1096 2244; baseline 0.002 -20"><span class='ocrx_word' id='word_1_100' title='bbox 143 2161 278 2225; x_wconf 89' lang='lat' dir='ltr'><strong>turnior</strong></span> <span class='ocrx_word' id='word_1_101' title='bbox 293 2162 511 2244; x_wconf 85' lang='lat' dir='ltr'><strong>approbavit.</strong></span> <span class='ocrx_word' id='word_1_102' title='bbox 557 2159 677 2241; x_wconf 83' lang='lat' dir='ltr'><strong>Longe</strong></span> <span class='ocrx_word' id='word_1_103' title='bbox 693 2160 831 2244; x_wconf 90' lang='lat' dir='ltr'><strong>lateque</strong></span> <span class='ocrx_word' id='word_1_104' title='bbox 847 2162 1028 2244; x_wconf 85' lang='lat' dir='ltr'><strong>divulgata</strong></span> <span class='ocrx_word' id='word_1_105' title='bbox 1042 2170 1096 2226; x_wconf 90' lang='lat' dir='ltr'><strong>est</strong></span> 
     </span>
     <span class='ocr_line' id='line_1_19' title="bbox 143 2260 1095 2343; baseline 0.002 -20"><span class='ocrx_word' id='word_1_106' title='bbox 143 2280 298 2326; x_wconf 86' lang='lat' dir='ltr'><strong>meorum</strong></span> <span class='ocrx_word' id='word_1_107' title='bbox 329 2261 477 2325; x_wconf 89' lang='lat' dir='ltr'><strong>filiorum</strong></span> <span class='ocrx_word' id='word_1_108' title='bbox 508 2260 651 2337; x_wconf 88' lang='lat' dir='ltr'><strong>malitia,</strong></span> <span class='ocrx_word' id='word_1_109' title='bbox 681 2280 767 2343; x_wconf 90' lang='lat' dir='ltr'><strong>quos</strong></span> <span class='ocrx_word' id='word_1_110' title='bbox 797 2262 847 2326; x_wconf 88' lang='lat' dir='ltr'><strong>ita</strong></span> <span class='ocrx_word' id='word_1_111' title='bbox 879 2263 916 2326; x_wconf 92' lang='lat' dir='ltr'><strong>iu</strong></span> <span class='ocrx_word' id='word_1_112' title='bbox 950 2263 1095 2327; x_wconf 88' lang='lat' dir='ltr'><strong>exitium</strong></span> 
     </span>
     <span class='ocr_line' id='line_1_20' title="bbox 141 2360 1095 2444; baseline 0.001 -20"><span class='ocrx_word' id='word_1_113' title='bbox 141 2361 252 2442; x_wconf 87' lang='lat' dir='ltr'><strong>patris</strong></span> <span class='ocrx_word' id='word_1_114' title='bbox 281 2361 423 2443; x_wconf 87' lang='lat' dir='ltr'><strong>spiritus</strong></span> <span class='ocrx_word' id='word_1_115' title='bbox 454 2360 647 2442; x_wconf 87' lang='lat' dir='ltr'><strong>iniquitatis</strong></span> <span class='ocrx_word' id='word_1_116' title='bbox 681 2362 840 2440; x_wconf 86' lang='lat' dir='ltr'><strong>armavit,</strong></span> <span class='ocrx_word' id='word_1_117' title='bbox 875 2369 915 2425; x_wconf 92' lang='lat' dir='ltr'><strong>ut</strong></span> <span class='ocrx_word' id='word_1_118' title='bbox 949 2362 1095 2444; x_wconf 83' lang='lat' dir='ltr'><strong>gloriam</strong></span> 
     </span>
     <span class='ocr_line' id='line_1_21' title="bbox 141 2459 1097 2544; baseline 0.002 -20"><span class='ocrx_word' id='word_1_119' title='bbox 141 2467 304 2543; x_wconf 87' lang='lat' dir='ltr'><strong>reputent</strong></span> <span class='ocrx_word' id='word_1_120' title='bbox 320 2468 356 2525; x_wconf 91' lang='lat' dir='ltr'><strong>et</strong></span> <span class='ocrx_word' id='word_1_121' title='bbox 376 2459 587 2543; x_wconf 87' lang='lat' dir='ltr'><strong>triumphum</strong></span> <span class='ocrx_word' id='word_1_122' title='bbox 611 2468 742 2543; x_wconf 86' lang='lat' dir='ltr'><strong>patrem</strong></span> <span class='ocrx_word' id='word_1_123' title='bbox 766 2462 938 2544; x_wconf 85' lang='lat' dir='ltr'><strong>persequi,</strong></span> <span class='ocrx_word' id='word_1_124' title='bbox 963 2471 996 2527; x_wconf 91' lang='lat' dir='ltr'><strong>et</strong></span> <span class='ocrx_word' id='word_1_125' title='bbox 1013 2462 1097 2526; x_wconf 88' lang='lat' dir='ltr'><strong>filia-</strong></span> 
     </span>
     <span class='ocr_line' id='line_1_22' title="bbox 144 2553 1097 2626; baseline 0.004 -4"><span class='ocrx_word' id='word_1_126' title='bbox 144 2559 194 2623; x_wconf 83' lang='lat' dir='ltr'><strong>les</strong></span> <span class='ocrx_word' id='word_1_127' title='bbox 218 2559 362 2624; x_wconf 86' lang='lat' dir='ltr'><strong>affectus</strong></span> <span class='ocrx_word' id='word_1_128' title='bbox 389 2560 425 2623; x_wconf 94' lang='lat' dir='ltr'><strong>iu</strong></span> <span class='ocrx_word' id='word_1_129' title='bbox 451 2560 609 2624; x_wconf 88' lang='lat' dir='ltr'><strong>omuibus</strong></span> <span class='ocrx_word' id='word_1_130' title='bbox 638 2553 803 2626; x_wconf 78' lang='lat' dir='ltr'><strong>&#39;diffiteri</strong></span> <span class='ocrx_word' id='word_1_131' title='bbox 857 2560 1097 2626; x_wconf 85' lang='lat' dir='ltr'><strong>Praeveuiente</strong></span> 
     </span>
     <span class='ocr_line' id='line_1_23' title="bbox 144 2660 1095 2743; baseline 0.003 -21"><span class='ocrx_word' id='word_1_132' title='bbox 144 2678 297 2723; x_wconf 90' lang='lat' dir='ltr'><strong>meorum</strong></span> <span class='ocrx_word' id='word_1_133' title='bbox 335 2660 512 2742; x_wconf 81' lang='lat' dir='ltr'><strong>exigentia</strong></span> <span class='ocrx_word' id='word_1_134' title='bbox 552 2660 766 2735; x_wconf 89' lang='lat' dir='ltr'><strong>delictorum,</strong></span> <span class='ocrx_word' id='word_1_135' title='bbox 805 2661 861 2723; x_wconf 94' lang='lat' dir='ltr'><strong>ubi</strong></span> <span class='ocrx_word' id='word_1_136' title='bbox 908 2661 1095 2743; x_wconf 86' lang='lat' dir='ltr'><strong>pleniorem</strong></span> 
     </span>
     <span class='ocr_line' id='line_1_24' title="bbox 143 2759 1096 2843; baseline 0.001 -19"><span class='ocrx_word' id='word_1_137' title='bbox 143 2759 359 2842; x_wconf 86' lang='lat' dir='ltr'><strong>voluptatem</strong></span> <span class='ocrx_word' id='word_1_138' title='bbox 375 2760 569 2825; x_wconf 84' lang='lat' dir='ltr'><strong>contulerat</strong></span> <span class='ocrx_word' id='word_1_139' title='bbox 584 2759 666 2823; x_wconf 93' lang='lat' dir='ltr'><strong>mihi</strong></span> <span class='ocrx_word' id='word_1_140' title='bbox 690 2760 871 2835; x_wconf 75' lang='lat' dir='ltr'><strong>Dominus</strong></span> <span class='ocrx_word' id='word_1_141' title='bbox 889 2761 936 2824; x_wconf 91' lang='lat' dir='ltr'><strong>ibi</strong></span> <span class='ocrx_word' id='word_1_142' title='bbox 953 2762 1096 2843; x_wconf 83' lang='lat' dir='ltr'><strong>gravius</strong></span> 
     </span>
     <span class='ocr_line' id='line_1_25' title="bbox 143 2859 1095 2942; baseline 0.003 -21"><span class='ocrx_word' id='word_1_143' title='bbox 143 2877 199 2922; x_wconf 91' lang='lat' dir='ltr'><strong>me</strong></span> <span class='ocrx_word' id='word_1_144' title='bbox 228 2859 404 2942; x_wconf 80' lang='lat' dir='ltr'><strong>flagellat;</strong></span> <span class='ocrx_word' id='word_1_145' title='bbox 437 2867 473 2924; x_wconf 84' lang='lat' dir='ltr'><strong>ot</strong></span> <span class='ocrx_word' id='word_1_146' title='bbox 498 2859 590 2942; x_wconf 93' lang='lat' dir='ltr'><strong>quod</strong></span> <span class='ocrx_word' id='word_1_147' title='bbox 617 2860 691 2923; x_wconf 88' lang='lat' dir='ltr'><strong>sine</strong></span> <span class='ocrx_word' id='word_1_148' title='bbox 720 2860 881 2942; x_wconf 89' lang='lat' dir='ltr'><strong>lacrymis</strong></span> <span class='ocrx_word' id='word_1_149' title='bbox 906 2880 975 2924; x_wconf 93' lang='lat' dir='ltr'><strong>non</strong></span> <span class='ocrx_word' id='word_1_150' title='bbox 1006 2861 1095 2938; x_wconf 89' lang='lat' dir='ltr'><strong>dico,</strong></span> 
     </span>
     <span class='ocr_line' id='line_1_26' title="bbox 142 2960 1097 3043; baseline 0.003 -20"><span class='ocrx_word' id='word_1_151' title='bbox 142 2966 266 3023; x_wconf 86' lang='lat' dir='ltr'><strong>contra</strong></span> <span class='ocrx_word' id='word_1_152' title='bbox 293 2960 497 3043; x_wconf 82' lang='lat' dir='ltr'><strong>sangninem</strong></span> <span class='ocrx_word' id='word_1_153' title='bbox 523 2978 637 3023; x_wconf 91' lang='lat' dir='ltr'><strong>meum</strong></span> <span class='ocrx_word' id='word_1_154' title='bbox 667 2967 703 3023; x_wconf 91' lang='lat' dir='ltr'><strong>et</strong></span> <span class='ocrx_word' id='word_1_155' title='bbox 730 2961 863 3024; x_wconf 84' lang='lat' dir='ltr'><strong>viscera</strong></span> <span class='ocrx_word' id='word_1_156' title='bbox 889 2980 967 3025; x_wconf 86' lang='lat' dir='ltr'><strong>mea</strong></span> <span class='ocrx_word' id='word_1_157' title='bbox 990 2981 1097 3043; x_wconf 83' lang='lat' dir='ltr'><strong>cogor</strong></span> 
     </span>
     <span class='ocr_line' id='line_1_27' title="bbox 142 3058 1097 3142; baseline 0.001 -20"><span class='ocrx_word' id='word_1_158' title='bbox 142 3058 259 3122; x_wconf 88' lang='lat' dir='ltr'><strong>odium</strong></span> <span class='ocrx_word' id='word_1_159' title='bbox 289 3059 482 3124; x_wconf 90' lang='lat' dir='ltr'><strong>immortale</strong></span> <span class='ocrx_word' id='word_1_160' title='bbox 514 3059 706 3142; x_wconf 83' lang='lat' dir='ltr'><strong>concipere,</strong></span> <span class='ocrx_word' id='word_1_161' title='bbox 737 3067 772 3124; x_wconf 86' lang='lat' dir='ltr'><strong>et</strong></span> <span class='ocrx_word' id='word_1_162' title='bbox 801 3068 986 3125; x_wconf 85' lang='lat' dir='ltr'><strong>extraneos</strong></span> <span class='ocrx_word' id='word_1_163' title='bbox 1014 3060 1097 3125; x_wconf 91' lang='lat' dir='ltr'><strong>mihi</strong></span> 
     </span>
     <span class='ocr_line' id='line_1_28' title="bbox 142 3160 1096 3241; baseline 0.002 -19"><span class='ocrx_word' id='word_1_164' title='bbox 142 3178 297 3241; x_wconf 69' lang='lat' dir='ltr'><strong>quaerere</strong></span> <span class='ocrx_word' id='word_1_165' title='bbox 320 3178 549 3236; x_wconf 85' lang='lat' dir='ltr'><strong>successores,</strong></span> <span class='ocrx_word' id='word_1_166' title='bbox 574 3178 617 3222; x_wconf 89' lang='lat' dir='ltr'><strong>ne</strong></span> <span class='ocrx_word' id='word_1_167' title='bbox 643 3160 777 3224; x_wconf 85' lang='lat' dir='ltr'><strong>videam</strong></span> <span class='ocrx_word' id='word_1_168' title='bbox 801 3162 843 3226; x_wconf 86' lang='lat' dir='ltr'><strong>dc</strong></span> <span class='ocrx_word' id='word_1_169' title='bbox 868 3162 998 3225; x_wconf 91' lang='lat' dir='ltr'><strong>semine</strong></span> <span class='ocrx_word' id='word_1_170' title='bbox 1019 3180 1096 3224; x_wconf 82' lang='lat' dir='ltr'><strong>meo</strong></span> 
     </span>
     <span class='ocr_line' id='line_1_29' title="bbox 143 3258 1097 3342; baseline 0.003 -20"><span class='ocrx_word' id='word_1_171' title='bbox 143 3258 319 3323; x_wconf 77' lang='lat' dir='ltr'><strong>sodomam</strong></span> <span class='ocrx_word' id='word_1_172' title='bbox 347 3279 451 3342; x_wconf 90' lang='lat' dir='ltr'><strong>super</strong></span> <span class='ocrx_word' id='word_1_173' title='bbox 481 3259 605 3323; x_wconf 88' lang='lat' dir='ltr'><strong>solium</strong></span> <span class='ocrx_word' id='word_1_174' title='bbox 630 3278 754 3323; x_wconf 88' lang='lat' dir='ltr'><strong>meum.</strong></span> <span class='ocrx_word' id='word_1_175' title='bbox 807 3259 898 3322; x_wconf 93' lang='lat' dir='ltr'><strong>Illud</strong></span> <span class='ocrx_word' id='word_1_176' title='bbox 929 3267 1097 3342; x_wconf 87' lang='lat' dir='ltr'><strong>praeterea</strong></span> 
     </span>
     <span class='ocr_line' id='line_1_30' title="bbox 143 3358 1096 3441; baseline 0.002 -20"><span class='ocrx_word' id='word_1_177' title='bbox 143 3359 208 3421; x_wconf 91' lang='lat' dir='ltr'><strong>sub</strong></span> <span class='ocrx_word' id='word_1_178' title='bbox 225 3358 364 3423; x_wconf 89' lang='lat' dir='ltr'><strong>silentio</strong></span> <span class='ocrx_word' id='word_1_179' title='bbox 382 3359 529 3424; x_wconf 88' lang='lat' dir='ltr'><strong>transire</strong></span> <span class='ocrx_word' id='word_1_180' title='bbox 546 3378 615 3422; x_wconf 92' lang='lat' dir='ltr'><strong>non</strong></span> <span class='ocrx_word' id='word_1_181' title='bbox 629 3377 781 3441; x_wconf 92' lang='lat' dir='ltr'><strong>possum,</strong></span> <span class='ocrx_word' id='word_1_182' title='bbox 798 3359 890 3440; x_wconf 90' lang='lat' dir='ltr'><strong>quod</strong></span> <span class='ocrx_word' id='word_1_183' title='bbox 909 3360 1010 3423; x_wconf 90' lang='lat' dir='ltr'><strong>amici</strong></span> <span class='ocrx_word' id='word_1_184' title='bbox 1029 3361 1096 3424; x_wconf 91' lang='lat' dir='ltr'><strong>mei</strong></span> 
     </span>
     <span class='ocr_line' id='line_1_31' title="bbox 143 3457 1096 3541; baseline 0.003 -21"><span class='ocrx_word' id='word_1_185' title='bbox 143 3467 358 3523; x_wconf 85' lang='lat' dir='ltr'><strong>recesserunt</strong></span> <span class='ocrx_word' id='word_1_186' title='bbox 397 3479 419 3523; x_wconf 91' lang='lat' dir='ltr'><strong>a</strong></span> <span class='ocrx_word' id='word_1_187' title='bbox 454 3479 521 3536; x_wconf 87' lang='lat' dir='ltr'><strong>me,</strong></span> <span class='ocrx_word' id='word_1_188' title='bbox 557 3467 592 3522; x_wconf 89' lang='lat' dir='ltr'><strong>et</strong></span> <span class='ocrx_word' id='word_1_189' title='bbox 621 3457 800 3522; x_wconf 89' lang='lat' dir='ltr'><strong>domestici</strong></span> <span class='ocrx_word' id='word_1_190' title='bbox 836 3460 903 3522; x_wconf 87' lang='lat' dir='ltr'><strong>mel</strong></span> <span class='ocrx_word' id='word_1_191' title='bbox 937 3467 1096 3541; x_wconf 90' lang='lat' dir='ltr'><strong>quaerunt</strong></span> 
     </span>
     <span class='ocr_line' id='line_1_32' title="bbox 140 3558 1096 3623; baseline 0 -2"><span class='ocrx_word' id='word_1_192' title='bbox 140 3558 291 3621; x_wconf 76' lang='lat' dir='ltr'><strong>annnam</strong></span> <span class='ocrx_word' id='word_1_193' title='bbox 317 3577 440 3623; x_wconf 87' lang='lat' dir='ltr'><strong>meam.</strong></span> <span class='ocrx_word' id='word_1_194' title='bbox 493 3558 550 3622; x_wconf 88' lang='lat' dir='ltr'><strong>Sic</strong></span> <span class='ocrx_word' id='word_1_195' title='bbox 579 3558 669 3620; x_wconf 90' lang='lat' dir='ltr'><strong>enim</strong></span> <span class='ocrx_word' id='word_1_196' title='bbox 697 3558 916 3622; x_wconf 87' lang='lat' dir='ltr'><strong>familiarium</strong></span> <span class='ocrx_word' id='word_1_197' title='bbox 944 3577 1096 3623; x_wconf 91' lang='lat' dir='ltr'><strong>meorum</strong></span> 
     </span>
     <span class='ocr_line' id='line_1_33' title="bbox 141 3657 1096 3742; baseline 0 -22"><span class='ocrx_word' id='word_1_198' title='bbox 141 3657 275 3722; x_wconf 88' lang='lat' dir='ltr'><strong>animos</strong></span> <span class='ocrx_word' id='word_1_199' title='bbox 297 3658 511 3723; x_wconf 88' lang='lat' dir='ltr'><strong>clandestina</strong></span> <span class='ocrx_word' id='word_1_200' title='bbox 532 3658 726 3741; x_wconf 88' lang='lat' dir='ltr'><strong>conjuratio</strong></span> <span class='ocrx_word' id='word_1_201' title='bbox 750 3659 927 3734; x_wconf 84' lang='lat' dir='ltr'><strong>toxicavit,</strong></span> <span class='ocrx_word' id='word_1_202' title='bbox 951 3667 989 3722; x_wconf 94' lang='lat' dir='ltr'><strong>ut</strong></span> <span class='ocrx_word' id='word_1_203' title='bbox 1017 3678 1096 3742; x_wconf 90' lang='lat' dir='ltr'><strong>per-</strong></span> 
     </span>
    </p>
   </div>
   <div class='ocr_carea' id='block_1_6' title="bbox 141 3751 1098 3840">
    <p class='ocr_par' dir='ltr' id='par_1_6' title="bbox 141 3751 1098 3840">
     <span class='ocr_line' id='line_1_34' title="bbox 141 3751 1098 3840; baseline 0.003 -20"><span class='ocrx_word' id='word_1_204' title='bbox 141 3756 224 3821; x_wconf 76' lang='lat' dir='ltr'><strong>ditae</strong></span> <span class='ocrx_word' id='word_1_205' title='bbox 242 3751 494 3824; x_wconf 81' lang='lat' dir='ltr'><strong>⁸observatioui</strong></span> <span class='ocrx_word' id='word_1_206' title='bbox 516 3757 782 3840; x_wconf 84' lang='lat' dir='ltr'><strong>conspirationis</strong></span> <span class='ocrx_word' id='word_1_207' title='bbox 802 3760 964 3822; x_wconf 87' lang='lat' dir='ltr'><strong>universa</strong></span> <span class='ocrx_word' id='word_1_208' title='bbox 987 3751 1098 3840; x_wconf 79' lang='lat' dir='ltr'><strong>⁴post·</strong></span> 
     </span>
    </p>
   </div>
   <div class='ocr_carea' id='block_1_7' title="bbox 143 3953 1098 4296">
    <p class='ocr_par' dir='ltr' id='par_1_7' title="bbox 143 3953 1098 4296">
     <span class='ocr_line' id='line_1_35' title="bbox 175 3953 1098 4021; baseline -0.005 -12"><span class='ocrx_word' id='word_1_209' title='bbox 175 3957 185 3989; x_wconf 89' lang='lat'>¹</span> <span class='ocrx_word' id='word_1_210' title='bbox 195 3965 204 3988; x_wconf 77' lang='lat'>⁶</span> <span class='ocrx_word' id='word_1_211' title='bbox 214 3959 304 4009; x_wconf 81' lang='lat' dir='ltr'><strong>Comes</strong></span> <span class='ocrx_word' id='word_1_212' title='bbox 316 3960 509 4021; x_wconf 78' lang='lat' dir='ltr'><strong>Audegaveusis</strong></span> <span class='ocrx_word' id='word_1_213' title='bbox 525 3964 550 4008; x_wconf 90' lang='lat' dir='ltr'><strong>et</strong></span> <span class='ocrx_word' id='word_1_214' title='bbox 562 3958 612 4009; x_wconf 85' lang='lat' dir='ltr'><strong>Ce-</strong></span> <span class='ocrx_word' id='word_1_215' title='bbox 673 3953 683 3986; x_wconf 80' lang='lat'>²</span> <span class='ocrx_word' id='word_1_216' title='bbox 696 3958 754 4006; x_wconf 84' lang='lat' dir='ltr'><strong>Cod.</strong></span> <span class='ocrx_word' id='word_1_217' title='bbox 763 3958 827 4018; x_wconf 78' lang='lat' dir='ltr'><strong>Reg.</strong></span> <span class='ocrx_word' id='word_1_218' title='bbox 838 3953 961 4005; x_wconf 77' lang='lat' dir='ltr'><strong>‘diferri’</strong></span> <span class='ocrx_word' id='word_1_219' title='bbox 979 3956 987 3984; x_wconf 85' lang='lat'>‘</span> <span class='ocrx_word' id='word_1_220' title='bbox 1000 3956 1098 4005; x_wconf 82' lang='lat' dir='ltr'><strong>Didite·</strong></span> 
     </span>
     <span class='ocr_line' id='line_1_36' title="bbox 143 4026 953 4091; baseline 0 -14"><span class='ocrx_word' id='word_1_221' title='bbox 143 4030 303 4079; x_wconf 76' lang='lat' dir='ltr'><strong>romanensis</strong></span> <span class='ocrx_word' id='word_1_222' title='bbox 311 4026 333 4089; x_wconf 89' lang='lat'><strong>;&#39;</strong></span> <span class='ocrx_word' id='word_1_223' title='bbox 354 4030 490 4091; x_wconf 85' lang='lat' dir='ltr'><strong>Barouius,</strong></span> <span class='ocrx_word' id='word_1_224' title='bbox 510 4030 563 4078; x_wconf 82' lang='lat' dir='ltr'><strong>xix.</strong></span> <span class='ocrx_word' id='word_1_225' title='bbox 585 4043 611 4089; x_wconf 87' lang='lat' dir='ltr'><strong>p.</strong></span> <span class='ocrx_word' id='word_1_226' title='bbox 638 4028 676 4078; x_wconf 84' lang='lat' dir='ltr'><strong>ri&#39;</strong></span> <span class='ocrx_word' id='word_1_227' title='bbox 688 4029 710 4075; x_wconf 85' lang='lat' dir='ltr'><strong>ia</strong></span> <span class='ocrx_word' id='word_1_228' title='bbox 722 4026 784 4076; x_wconf 86' lang='lat' dir='ltr'><strong>lrom</strong></span> <span class='ocrx_word' id='word_1_229' title='bbox 796 4028 834 4078; x_wconf 89' lang='lat' dir='ltr'><strong>M.</strong></span> <span class='ocrx_word' id='word_1_230' title='bbox 847 4028 895 4076; x_wconf 87' lang='lat' dir='ltr'><strong>aud</strong></span> <span class='ocrx_word' id='word_1_231' title='bbox 906 4027 953 4077; x_wconf 81' lang='lat' dir='ltr'><strong>Ar.</strong></span> 
     </span>
     <span class='ocr_line' id='line_1_37' title="bbox 143 4093 1096 4163; baseline -0.003 -16"><span class='ocrx_word' id='word_1_232' title='bbox 143 4102 192 4148; x_wconf 73' lang='lat'><strong>⁴⁰8</strong></span> <span class='ocrx_word' id='word_1_233' title='bbox 198 4114 207 4162; x_wconf 79' lang='lat'><em>3</em></span> <span class='ocrx_word' id='word_1_234' title='bbox 219 4100 269 4148; x_wconf 79' lang='lat' dir='ltr'><strong>arrd</strong></span> <span class='ocrx_word' id='word_1_235' title='bbox 278 4100 372 4149; x_wconf 84' lang='lat' dir='ltr'><strong>Petrus</strong></span> <span class='ocrx_word' id='word_1_236' title='bbox 382 4100 522 4163; x_wconf 85' lang='lat' dir='ltr'><strong>Blesensia,</strong></span> <span class='ocrx_word' id='word_1_237' title='bbox 529 4101 577 4161; x_wconf 84' lang='lat' dir='ltr'><strong>Ep.</strong></span> <span class='ocrx_word' id='word_1_238' title='bbox 586 4114 611 4160; x_wconf 90' lang='lat' dir='ltr'><strong>p.</strong></span> <span class='ocrx_word' id='word_1_239' title='bbox 672 4095 683 4128; x_wconf 82' lang='lat'><strong>³</strong></span> <span class='ocrx_word' id='word_1_240' title='bbox 693 4099 700 4125; x_wconf 90' lang='lat'>‘</span> <span class='ocrx_word' id='word_1_241' title='bbox 710 4098 869 4146; x_wconf 83' lang='lat' dir='ltr'><strong>obstinationi</strong></span> <span class='ocrx_word' id='word_1_242' title='bbox 882 4093 898 4156; x_wconf 88' lang='lat'><strong>;’</strong></span> <span class='ocrx_word' id='word_1_243' title='bbox 920 4093 1007 4145; x_wconf 83' lang='lat' dir='ltr'><em>D&#39;A.:</em></span> <span class='ocrx_word' id='word_1_244' title='bbox 1032 4096 1039 4122; x_wconf 84' lang='lat'>‘</span> <span class='ocrx_word' id='word_1_245' title='bbox 1050 4096 1096 4144; x_wconf 90' lang='lat' dir='ltr'><strong>ob·</strong></span> 
     </span>
     <span class='ocr_line' id='line_1_38' title="bbox 146 4164 903 4234; baseline -0.003 -17"><span class='ocrx_word' id='word_1_246' title='bbox 146 4173 204 4234; x_wconf 74' lang='lat' dir='ltr'><strong>tao,</strong></span> <span class='ocrx_word' id='word_1_247' title='bbox 216 4169 257 4221; x_wconf 87' lang='lat' dir='ltr'><strong>ed.</strong></span> <span class='ocrx_word' id='word_1_248' title='bbox 270 4174 342 4221; x_wconf 77' lang='lat'><strong>1⁵1⁰.</strong></span> <span class='ocrx_word' id='word_1_249' title='bbox 638 4169 772 4218; x_wconf 62' lang='lat' dir='ltr'><strong>servantia*</strong></span> <span class='ocrx_word' id='word_1_250' title='bbox 781 4164 797 4226; x_wconf 72' lang='grc' dir='ltr'><strong>ς’</strong></span> <span class='ocrx_word' id='word_1_251' title='bbox 811 4169 903 4216; x_wconf 89' lang='lat' dir='ltr'><strong>Baron.</strong></span> 
     </span>
     <span class='ocr_line' id='line_1_39' title="bbox 672 4234 968 4296; baseline -0.017 -8"><span class='ocrx_word' id='word_1_252' title='bbox 672 4237 683 4269; x_wconf 91' lang='lat'><strong>⁴</strong></span> <span class='ocrx_word' id='word_1_253' title='bbox 693 4240 701 4267; x_wconf 84' lang='lat'>‘</span> <span class='ocrx_word' id='word_1_254' title='bbox 713 4238 882 4288; x_wconf 80' lang='lat' dir='ltr'><strong>Praehubeaut</strong></span> <span class='ocrx_word' id='word_1_255' title='bbox 891 4234 908 4296; x_wconf 87' lang='lat'><strong>;’</strong></span> <span class='ocrx_word' id='word_1_256' title='bbox 920 4234 968 4284; x_wconf 76' lang='lat' dir='ltr'><strong>Ar.</strong></span> 
     </span>
    </p>
   </div>
   <div class='ocr_carea' id='block_1_8' title="bbox 0 0 1454 4860">
    <p class='ocr_par' dir='ltr' id='par_1_8' title="bbox 0 0 1454 4860">
     <span class='ocr_line' id='line_1_40' title="bbox 0 0 1454 4860; baseline 0 0"><span class='ocrx_word' id='word_1_257' title='bbox 0 0 1454 4860; x_wconf 95' lang='lat' dir='ltr'><strong> </strong></span> 
     </span>
    </p>
   </div>
  </div>
 </body>
</html>
