2896 4860
344 375 410 441 280
703 392 773 441 mc.
798 392 947 440 rnrvnrr

345 550 442 628 dens,
468 558 565 615 tanto
588 549 709 633 majori
735 549 919 614 devotione
941 549 1032 633 apud
1056 550 1168 614 Deum
1195 550 1301 633 polle-

345 652 417 714 bat.
463 651 616 732 Singulis
647 669 795 732 namque
825 651 945 714 diebus
969 663 1040 716 tres
1067 652 1190 714 missas
1222 671 1299 715 cum

346 759 430 816 nota
457 751 576 815 audire
601 751 756 828 solebat;
791 758 826 814 et
854 751 970 833 plures
996 752 1114 816 audire
1144 751 1299 834 cupiens,

347 851 507 934 privatim
529 851 780 915 celebrantibus
802 852 988 916 assistebat
1004 850 1154 916 assidue.
1209 851 1300 917 Con-

346 951 428 1034 tigit
443 958 556 1015 autem
573 951 759 1033 aliquando
775 959 932 1016 sanctum
950 951 1175 1029 Lodovicum,
1192 953 1300 1016 Fran-

347 1070 464 1115 corum
495 1072 625 1134 regem,
659 1071 737 1115 cum
769 1071 810 1115 eo
842 1072 946 1134 super
975 1048 1039 1117 boe
1069 1052 1300 1118 conferentem

347 1151 472 1230 dicere,
496 1151 598 1230 Quod
621 1171 688 1215 non
711 1172 845 1235 semper
863 1153 977 1216 missis
1001 1153 1061 1217 sed
1085 1152 1299 1235 frequentius

184 1269 219 1308 An
220 1267 272 1307 ordo
272 1269 294 1308 te
302 1267 326 1307 11
347 1253 562 1316 sermonibus
583 1252 762 1317 audiendis
787 1260 879 1317 esset
902 1253 1105 1317 vacandum.
1159 1251 1226 1317 Cui
1247 1254 1299 1318 fa-

185 1319 317 1417 affin,
348 1361 426 1417 ceta
442 1353 638 1417 urbanitate
656 1353 877 1435 respondens,
895 1354 957 1431 ait,
979 1354 1024 1418 Se
1047 1353 1149 1418 malle
1172 1355 1300 1436 sepius

349 1453 496 1517 amicum
524 1472 624 1517 suum
652 1453 779 1530 videre,
811 1471 916 1536 quam
950 1453 993 1518 de
1020 1473 1061 1518 eo
1090 1453 1301 1537 loquentem,

185 1568 251 1608 1111·
185 1579 323 1658 ωωινιέειτ-
348 1552 535 1618 licetbona
551 1552 733 1632 dicentem,
751 1553 880 1620 audire.
921 1553 1008 1619 Erat
1022 1562 1137 1619 autem
1155 1561 1300 1619 statnrae

184 1629 297 1710 'imm
348 1652 541 1730 mediocris,
567 1655 739 1735 compacti
758 1655 925 1736 corporis,
944 1655 1087 1718 alterius
1107 1654 1197 1719 oculi
1226 1654 1300 1737 pal·

348 1754 455 1883 ¹pebra
465 1753 676 1831 demissiore,
685 1755 735 1818 ita
748 1761 788 1818 ut
802 1761 935 1836 partem
953 1754 1140 1837 nigredinis
1157 1754 1298 1837 pupillae

348 1845 507 1934 ¹celaret3
535 1854 696 1917 robustus
714 1854 857 1931 viribus,
879 1854 939 1918 sed
962 1874 1117 1938 praeceps
1131 1855 1168 1918 in
1185 1854 1298 1932 lactis,

346 1953 381 2016 in
397 1953 522 2036 quibus
539 1960 666 2033 tamen,
690 1955 771 2037 quia
787 1954 983 2019 fortunatos
998 1961 1033 2018 ct
1050 1954 1167 2020 felices
1184 1955 1299 2019 exitus

346 2053 516 2131 babuerit,
539 2061 665 2138 putant
685 2075 763 2119 eum
786 2054 886 2119 multi
906 2056 997 2138 apud
1016 2055 1201 2119 Merlinum
1221 2055 1300 2119 fati·

344 2153 459 2218 dicum
486 2174 547 2238 per
573 2153 708 2238 lyncem
734 2155 952 2238 designatum
977 2156 1093 2220 omnia
1117 2164 1301 2240 penetran-

346 2261 426 2319 tem.

391 2404 392 2408 ’
416 2401 603 2490 Enplicirmt
613 2413 698 2492 grotta
712 2404 846 2472 Heurici
860 2405 936 2472 ΙΙΙ.
955 2403 1035 2494 renis
1049 2405 1233 2492 Aaqlormn.

714 2635 722 2671 ¹
740 2640 867 2690 ‘celarent
874 2635 888 2700 ;‘
899 2641 939 2691 M.
