2896 4860
171 1589 213 1629 illu
222 1587 272 1628 ulta}

171 1639 235 1689 plety.

169 3796 275 3836 Edward't

333 387 400 452 284
691 404 765 452 rue.
790 403 938 451 rnrvnrr

334 564 369 627 in
390 565 630 646 imperatorem
654 561 904 639 Romanorum,
923 562 982 646 qui
1006 582 1097 626 anno
1116 563 1235 628 eodem
1254 565 1289 628 in

334 684 448 745 regem
483 662 698 727 Alemanniae
731 662 929 726 solemniter
956 671 1152 730 coronatur.
1217 664 1288 729 Ed·

334 765 471 829 wardus
493 763 528 826 in
552 762 673 828 Acbou
703 760 976 827 Christianorum
1002 770 1039 827 et
1060 763 1287 828 Tartarorum

334 865 465 928 auxilio
480 865 609 927 diutius
626 862 753 926 frustra
767 870 964 944 expectato,
982 863 1111 927 relictis
1122 865 1166 928 ad
1185 872 1286 929 terrae

333 965 562 1029 defensionem
590 962 821 1044 stipendiariis
849 961 1036 1041 nonnullis,
1058 983 1164 1028 naves
1187 985 1288 1047 repa·

334 1066 503 1130 triaturus
541 1063 746 1145 ingrediens,
797 1082 900 1126 cursu
945 1062 1093 1128 velivolo
1133 1064 1285 1129 Siciliam

335 1185 443 1249 usque
478 1165 654 1248 pervenit3
689 1163 746 1226 ubi
776 1182 798 1225 a
831 1182 912 1244 rege
944 1162 1071 1228 Carolo
1098 1163 1285 1229 honorifice

334 1272 528 1348 susceptus,
546 1284 622 1328 cum
643 1283 704 1346 per
719 1264 792 1327 dies
809 1263 956 1345 aliquos,
981 1264 1155 1328 recreandi
1171 1265 1286 1346 gratia

334 1386 371 1429 se
386 1375 421 1431 et
436 1385 530 1441 suos,
553 1365 784 1439 remansisset,
805 1382 959 1427 rumores
982 1365 1093 1446 primo
1110 1364 1152 1427 de
1176 1373 1286 1431 morte

334 1467 388 1529 sui
406 1467 466 1529 lilii
490 1465 645 1540 chrici,
673 1483 714 1528 ac
735 1464 953 1546 postmodum
977 1462 1020 1527 de
1044 1472 1153 1528 morte
1175 1465 1285 1548 patris

332 1567 478 1648 accepit.
531 1563 602 1642 Qui
626 1564 705 1627 dum
730 1570 873 1627 mortem
897 1565 1008 1646 patris
1030 1565 1155 1628 auxius
1179 1584 1284 1648 quam

333 1666 394 1729 filii
422 1665 613 1748 plangeret,
640 1683 662 1728 a
690 1683 770 1746 rege
797 1663 923 1728 Carolo
953 1664 1028 1728 vice
1058 1664 1285 1729 consolatoris

332 1767 516 1830 assistente
545 1764 797 1848 plurimumque
828 1764 974 1829 mirante
1003 1783 1108 1847 super
1134 1764 1200 1830 boc
1229 1785 1283 1828 re-

331 1864 491 1948 quisitus,
513 1864 638 1928 dicitur
663 1864 892 1946 respondisse,
919 1865 1100 1928 Jacturam
1135 1865 1283 1930 filiorum

331 1966 478 2042 facilem,
501 1984 578 2028 cum
607 1964 734 2029 cotidie
761 1963 1056 2046 multiplicentur3
1087 1965 1284 2030 irremedia-

331 2066 433 2130 bilem
452 2085 533 2130 vero
551 2084 626 2129 esse
643 2073 823 2157 parentum
845 2072 1000 2140 mortem,
1024 2065 1084 2147 qui
1107 2075 1283 2147 nequeunt

330 2166 529 2230 restaurari.
589 2164 747 2248 Denique
776 2165 1006 2228 discedentem
1034 2165 1178 2228 conduci
1200 2164 1284 2231 fecit

330 2286 392 2349 per
409 2265 572 2331 Carolum
595 2264 701 2329 filium
724 2284 837 2341 suum,
861 2284 969 2348 usque
992 2265 1036 2328 ad
1057 2265 1198 2330 ultimos
1215 2274 1284 2330 ter-

331 2368 442 2431 minos
470 2367 567 2447 regni
595 2367 660 2429 sui.
713 2364 800 2430 Cum
828 2374 944 2429 autem
973 2365 1017 2428 ad
1041 2365 1283 2431 Urbem-vete·

331 2487 415 2544 rem,
450 2467 509 2531 ubi
543 2485 634 2549 papa
655 2484 733 2530 cum
762 2484 826 2529 sua
848 2465 944 2529 curia
970 2465 1153 2542 residebat,
1176 2466 1281 2530 adve-

331 2568 451 2644 nisset,
485 2566 742 2631 occurrentibus
787 2565 819 2630 ei
860 2565 1091 2629 cardinalibus
1124 2565 1283 2632 omnibus

330 2687 409 2732 cum
433 2667 562 2731 honore
588 2666 752 2742 maximo,
784 2665 827 2729 ad
856 2666 985 2729 domini
1007 2684 1108 2748 papae
1130 2684 1281 2748 praesen·

331 2770 416 2832 tiam
441 2777 494 2833 est
528 2766 707 2830 deductus.
771 2763 838 2829 Cui
859 2785 964 2848 super
991 2773 1100 2830 morte
1132 2785 1282 2831 consan-

330 2869 446 2950 guinei
469 2867 524 2930 sui
546 2865 690 2930 Henrici
716 2865 759 2930 de
784 2864 990 2930 Alamannia
1013 2866 1151 2930 anxiam
1175 2865 1283 2950 depo·

330 2970 400 3032 suit
416 2967 685 3050 querimoniam
708 2985 823 3048 quem,
846 2986 914 3030 non
936 2964 1037 3029 modo
1059 2967 1095 3030 in
1116 2966 1282 3032 offensam
1304 2952 1308 2961 ¹

324 3067 415 3151 juris
445 3066 596 3143 humani,
628 3085 649 3130 a
681 3064 843 3130 Guidone
865 3067 907 3129 de
938 3066 1171 3144 Monte-sorti,
1199 3067 1280 3131 dum

330 3168 510 3231 missarum
543 3165 718 3232 solemniis
748 3167 937 3241 assisteret,
970 3167 1154 3230 constabat
1176 3167 1282 3231 iuter-

329 3267 469 3344 fectum,
492 3268 551 3331 sed
574 3268 610 3330 in
634 3273 868 3349 contemptum
892 3264 1058 3342 ecclesiae,
1075 3273 1111 3330 et
1133 3266 1279 3330 scauda-

328 3367 400 3431 lum
426 3367 574 3430 nominis
603 3366 801 3430 Christiani.
855 3364 954 3448 Papa
976 3365 1084 3447 igitur
1106 3365 1159 3430 bis
1188 3386 1280 3431 com·

329 3474 444 3531 motus
489 3464 682 3531 Guidonem
731 3465 1055 3542 excommunicavit,
1093 3485 1280 3552 omnesque

328 3587 407 3632 eum
432 3575 672 3649 receptantes;
712 3574 747 3631 et
776 3586 957 3649 quousque
990 3565 1143 3631 ecclesiae
1176 3568 1280 3632 satis·

329 3669 437 3744 lieret,
455 3676 565 3732 terras
582 3687 698 3732 eorum
716 3669 901 3750 supposuit
914 3665 1107 3730 interdicto.

380 3768 569 3833 Discedens
591 3769 738 3850 denique
761 3788 823 3832 rex
844 3765 1035 3831 Edwardus
1057 3785 1078 3829 a
1100 3766 1196 3830 curia
1218 3787 1279 3850 per

168 3849 181 3887 '¹
251 3858 274 3887 ¹¹
329 3869 488 3933 civitates
519 3868 634 3932 Italiae
658 3867 888 3951 progreditur,
915 3866 1044 3949 ubique
1074 3872 1232 3948 receptus
1258 3888 1281 3934 a

182 3858 249 3887 emew
274 3848 288 3887 d

166 3909 269 3948 prugum.

329 3969 462 4033 civibus
491 3988 569 4032 cum
606 3968 734 4050 gaudio
766 3968 917 4031 maximo
950 3965 1148 4032 ethonore.
1200 3960 1279 4032 ¹In·

328 4088 489 4150 gressuro
511 4077 624 4133 autem
658 4068 865 4132 Sabaudiam
896 4065 1030 4149 praelati
1058 4086 1099 4132 ac
1122 4086 1280 4150 proceres

676 4226 683 4258 ¹
701 4228 852 4291 ‘Ingressus
860 4222 875 4287 ;’
886 4228 925 4278 M.
