2896 4860
515 404 699 452 nunnius,
1018 386 1085 452 325

134 568 169 626 et
192 560 235 625 de
255 561 334 645 jure
354 560 463 625 debeo
484 571 518 626 et
536 554 693 626 ¹elamito
718 570 835 626 tenere
858 554 1082 625 ²hereditarie

134 662 176 725 do
206 662 305 726 vohis
332 670 368 727 et
389 661 572 726 heredibus
599 663 725 728 vestris
759 663 896 744 regibus
931 661 1082 743 Angliae,

136 762 179 825 de
211 763 285 827 vita
317 770 352 827 et
384 764 544 826 membris
573 770 608 827 et
635 773 772 828 terreno
798 763 939 839 honore,
962 769 1084 826 contra

137 882 256 926 omnes
273 863 428 927 homines
445 864 505 946 qui
525 871 671 946 possunt
686 863 802 927 vivere
817 872 851 927 et
869 856 992 927 mori.'³
1038 862 1085 927 Et

136 982 198 1026 rex
232 963 360 1046 recepit
389 964 587 1046 homagium
615 964 650 1026 in
681 962 792 1027 forma
814 963 994 1053 praedicta,
1020 980 1084 1025 suo

137 1070 173 1127 et
202 1064 344 1127 alterius
372 1063 452 1148 jure
482 1063 591 1128 salvo.
659 1062 815 1147 Recepto
842 1072 957 1129 autem
992 1063 1085 1145 regis

137 1161 287 1228 loannis
318 1163 492 1246 homagio,
523 1184 585 1228 rex
619 1163 756 1246 Angliae
798 1163 907 1228 eidem
940 1182 1083 1246 regnum

138 1264 264 1329 Scotiae
287 1264 503 1348 integraliter
522 1283 597 1327 cum
617 1265 776 1328 omnihus
798 1265 1015 1349 pertinentiis
1030 1283 1084 1327 re·

137 1364 253 1430 stituit
269 1364 425 1431 indilate.

192 1873 391 1938 Hunnicus
428 1873 470 1937 de
504 1872 686 1956 Hispania,
722 1874 756 1937 in
792 1893 930 1939 carcere
969 1895 1087 1957 regum
1102 1886 1176 1976 ”¹¹⁸2

141 1975 268 2040 Siciliae
295 1975 353 2038 diu
384 1973 556 2050 detentus,
585 1974 735 2037 evadens
763 1972 799 2037 in
827 1974 1019 2058 Hispanias
1044 1976 1087 2040 ad
1101 1949 1154 1978 ’Μ
1177 1961 1183 1976 ’

143 2083 301 2159 nepotem
325 2095 424 2137 suum
451 2074 628 2138 Sanctium
656 2093 769 2155 regem
795 2075 900 2139 venit.
952 2075 1089 2140 Merea-

142 2186 235 2241 tores
258 2175 409 2257 Anglici,
433 2174 538 2238 variis
565 2175 599 2237 in
622 2173 709 2237 mari
725 2166 893 2238 4lacessiti
915 2175 1077 2258 perieulis

142 2298 247 2359 super
276 2277 438 2339 mercium
470 2294 610 2338 suarum
638 2274 822 2338 amissione
848 2275 921 2357 regi
950 2274 1089 2357 Angliae

142 2383 424 2460 conqueruntur3
449 2376 507 2457 qui
523 2375 681 2440 comitem
702 2374 974 2439 [lincolniensem
995 2374 1089 2440 Heu-

144 2478 252 2542 ricum
285 2477 328 2541 de
358 2476 440 2540 Laci
473 2475 517 2539 ad
551 2495 664 2557 regem
704 2475 860 2539 Franciae
888 2477 1089 2554 transmisit,

143 2578 346 2661 suppliciter
385 2584 517 2658 petens,
557 2583 595 2640 ut
631 2576 673 2639 de
710 2595 853 2639 assensu
888 2574 996 2658 ipsius
1030 2596 1091 2660 per

144 2698 242 2760 reges
265 2685 299 2741 et
317 2697 434 2741 eorum
451 2677 608 2754 concilia,
633 2684 755 2740 contra
775 2675 970 2760 hujusmodi
987 2677 1090 2740 mari-

145 2780 229 2843 tima
255 2777 433 2859 dispendia
462 2776 700 2860 provideretur
729 2797 808 2841 eum
838 2776 1015 2842 celeritate
1049 2776 1092 2841 de

145 2877 295 2943 remedio
318 2877 538 2959 competenti.
593 2876 735 2941 Interim
759 2897 853 2953 vero,
872 2876 954 2941 dum
977 2887 1230 2942 comesum-¹01¹

1106 2942 1200 2981 between
1209 2940 1247 2979 the

146 2998 346 3062 responsum
364 2984 558 3060 exspectat,
571 2977 692 3042 classis
709 2977 934 3042 ducentarum
952 2978 1092 3043 navium
1105 2989 1256 3089 {mm

149 3080 462 3145 Normannicarum
493 3087 528 3142 et
552 3077 712 3161 amplius,
736 3098 814 3161 quae
837 3079 1032 3143 coadunata
1055 3086 1094 3144 ut
1108 3091 1192 3131 anoe·

147 3180 264 3245 hostes
291 3179 479 3243 virtuosius
506 3178 698 3254 invaderet,
729 3187 764 3242 et
794 3178 997 3243 invadentes
1023 3179 1093 3243 for·

146 3282 216 3345 tius
242 3280 472 3362 propulsaret,
499 3279 534 3341 in
559 3278 767 3342 Vasconiam
789 3279 944 3360 profecta
969 3279 1094 3358 fuerat,

182 3455 190 3487 ¹
207 3450 342 3516 ‘clameos
355 3456 394 3504 M.
405 3460 430 3503 et
441 3454 489 3505 Ar.
633 3454 665 3502 de
678 3453 717 3503 vie
729 3467 743 3501 e
755 3454 787 3501 de
801 3454 920 3510 membre,
932 3470 946 3502 e
960 3454 993 3503 de
1003 3457 1095 3505 terrien

181 3525 193 3555 ¹
208 3520 399 3584 ‘hereditarios
412 3525 451 3574 M.
462 3530 487 3573 et
498 3524 545 3574 Ar.
633 3524 730 3573 honour
740 3538 772 3572 en
783 3528 886 3572 countre
898 3539 929 3584 qe
940 3526 1096 3586 ponntviver

181 3595 193 3628 ⁸
208 3598 306 3646 ‘Mouu
326 3610 466 3657 seyguoere
481 3596 536 3645 sire
557 3595 610 3643 Ed·
620 3566 623 3619 Ι
633 3609 648 3643 e
659 3594 743 3642 morir.
779 3593 813 3641 Et
821 3594 845 3642 le
857 3595 913 3655 Ray
922 3595 946 3643 le
958 3600 1058 3645 reseeut
1065 3611 1096 3644 en

146 3669 228 3730 ward,
244 3668 305 3716 Reis
326 3666 491 3727 Dengleterre
505 3680 520 3714 e
536 3679 610 3714 soue-
634 3663 764 3714 laionrme
775 3664 1096 3728 sanvesondreiteuutry.

146 3735 611 3800 rayueseignourdurealmeDeseocz,
635 3734 697 3785 Cest
705 3735 810 3796 homage
818 3733 1098 3785 intimamus-Chas-

146 3809 186 3857 ieo
197 3810 244 3857 Ion
257 3808 294 3856 du
306 3806 408 3868 Balyol,
419 3807 474 3867 Rey
486 3806 610 3863 Descoce,
621 3810 623 3841 ¹
635 3806 669 3854 tel
678 3805 839 3866 surTyne,le
843 3807 903 3867 jour
911 3806 972 3854 Sent
978 3806 1098 3868 Esteven‚

146 3878 248 3928 devenir
265 3883 348 3926 vostre
365 3876 436 3925 home
454 3876 506 3938 lige
523 3875 555 3924 de
572 3846 624 3924 tuti
635 3876 698 3924 leun
709 3876 740 3924 de
750 3890 824 3937 grace
835 3874 1099 3939 ntccxarecound,

146 3950 171 3997 le
186 3949 279 3999 realme
292 3948 415 4006 Deseoce‚
426 3961 475 3995 oue
487 3946 525 3995 les
536 3961 612 4007 apur·
635 3962 650 3994 e
662 3947 696 3994 du
708 3961 784 4008 regne
796 3946 822 3994 la
833 3960 877 4007 ray
888 3945 1001 3995 Edwurd
1013 3943 1098 3996 xxl?

148 4025 286 4069 tenaunees
300 4033 314 4066 e
330 4033 364 4065 ou
383 4022 462 4078 quant
479 4032 510 4077 qe
527 4021 613 4078 aptent,
638 4018 749 4074 llenrue,
764 4032 807 4076 ap.
822 4014 949 4077 tangtost,
962 4017 990 4065 ii.
1003 4032 1029 4078 p.
1041 4022 1099 4065 2⁵0.

148 4090 242 4152 lequel
254 4090 294 4137 leo
305 4088 364 4136 teuk
378 4087 409 4135 du
419 4088 505 4135 droite
514 4087 612 4147 clayrne
637 4081 770 4134 Edward’s
781 4089 838 4134 alst
847 4085 933 4149 regnal
946 4101 1007 4146 year
1018 4087 1100 4150 began

148 4177 164 4209 u
176 4162 241 4210 tenir
258 4158 481 4208 lioruditubleruent
495 4158 528 4205 de
541 4172 614 4218 vous,
639 4157 704 4205 Nov.
717 4160 757 4217 20,
770 4159 840 4206 12⁹2.

148 4233 202 4280 ede
210 4246 254 4280 voe
266 4230 341 4293 heyrs
352 4230 403 4279 reis
414 4228 446 4277 de
456 4227 613 4289 Engleterre,
672 4225 681 4256 ⁴
700 4225 842 4276 ‘lacessitis
851 4220 865 4285 ;’
877 4226 915 4273 M.
927 4231 949 4274 rt
962 4228 1011 4277 Ar.
