2896 4860
546 403 730 453 inurens.
1047 385 1113 450 297

161 563 237 626 nuit
250 563 315 626 sub
328 562 392 626 hac
407 562 533 626 forma:
557 561 717 626 videlicet
731 561 822 644 quod
840 580 959 625 omnes
971 562 1112 646 captivi,
1126 576 1252 667 peropu-

161 682 250 745 quos
276 663 441 726 hactenus
469 664 600 726 ratione
622 663 714 744 regis
735 660 877 744 Angliae
901 663 1050 727 detinuit
1075 665 1110 726 in
1125 639 1203 729 effic?

162 763 320 841 vinculis,
348 763 549 845 simpliciter
568 771 604 829 et
625 764 699 827 sine
718 762 812 826 omni
832 761 1004 828 calumnia
1026 763 1111 828 libe·

161 874 330 930 rareutur.
383 863 473 928 Item
500 883 563 946 pro
586 882 671 945 pace
692 871 729 927 et
753 863 994 928 benevolentia
1019 864 1111 946 regis

160 962 318 1027 habenda
335 964 434 1028 daret
450 964 703 1046 quinquaginta
717 962 825 1026 millia
840 962 1005 1027 librarum
1022 972 1110 1029 ster-

160 1062 345 1145 lingorum,
363 1083 509 1146 quorum
530 1072 645 1129 tamen
668 1063 796 1127 solutio
817 1063 854 1127 in
880 1064 1059 1129 voluntate
1077 1073 1112 1130 et

159 1165 275 1244 gratia
304 1166 396 1246 regis
425 1164 524 1231 soret.
595 1164 683 1228 Item
715 1164 806 1247 quod
836 1171 927 1228 terra
963 1172 1113 1247 quatuor

161 1264 402 1328 cantredorum
426 1264 500 1328 sine
526 1265 620 1328 omni
648 1264 919 1329 contradictione
945 1266 1017 1345 regi
1040 1263 1112 1328 An·

161 1364 242 1445 gline
268 1371 303 1430 et
326 1366 398 1429 suis
427 1365 621 1440 heredibus,
639 1385 718 1429 cum
738 1365 897 1428 omnibus
920 1364 1020 1429 terris
1033 1385 1112 1430 con·

161 1465 298 1546 quisitis
328 1486 388 1548 per
419 1485 536 1548 regem
564 1465 786 1547 hominesque
810 1466 935 1546 regios,
965 1472 1112 1549 excepta

159 1565 273 1629 insula
293 1565 494 1648 Angleseia‚
516 1567 550 1630 in
577 1574 779 1649 perpetuum
802 1572 1004 1631 remaneret.
1055 1566 1112 1629 In-

161 1664 239 1728 sula
269 1667 359 1730 enim
386 1664 576 1748 Angleseia
603 1685 767 1730 concessa
797 1673 850 1756 est
877 1666 1036 1748 principi,
1062 1667 1112 1730 ita

160 1765 253 1847 quod
276 1766 391 1831 solvat
415 1787 478 1850 pro
500 1787 541 1831 ea
563 1767 708 1848 singulis
727 1767 829 1830 annis
851 1765 944 1831 mille
964 1785 1110 1844 marcas,

160 1885 305 1946 quarum
337 1867 464 1931 solutio
496 1867 690 1949 iucipieuda
713 1875 788 1931 erat
811 1867 846 1930 in
878 1867 966 1932 festo
998 1868 1110 1932 sancti

160 1965 341 2031 Michaelis
366 1968 526 2050 proximo
549 1975 631 2032 tunc
651 1967 834 2031 instantis:
868 1986 929 2049 pro
950 1968 1109 2049 ingressu

160 2086 242 2130 vero
275 2068 427 2151 quinque
458 2067 567 2132 millia
598 2085 790 2130 marcarum
821 2066 930 2131 daret.
1005 2068 1051 2131 Et
1078 2068 1109 2132 si

160 2167 319 2249 princeps
341 2169 415 2231 sine
438 2167 562 2232 herede
589 2166 631 2230 de
654 2186 717 2232 suo
741 2186 884 2249 corpore
906 2175 1108 2243 moreretur,

161 2267 274 2331 insula
294 2266 355 2331 illa
376 2269 410 2332 in
430 2269 521 2349 regis
542 2266 683 2348 Angliae
701 2267 951 2350 possessionem
970 2267 1107 2333 rediret.

163 2367 251 2432 Item
270 2368 362 2450 quod
384 2370 543 2452 princeps
564 2369 696 2433 veniret
718 2368 754 2430 in
777 2365 899 2432 Natali
916 2367 1057 2432 Domini
1072 2369 1108 2432 in

159 2465 324 2549 Angliam
343 2468 386 2532 ad
409 2488 536 2551 regem,
553 2488 615 2551 pro
631 2468 793 2550 homagio
810 2467 976 2532 faciendo.
1018 2468 1109 2533 Item

161 2568 251 2650 quod
280 2569 395 2632 omnia
423 2569 584 2650 homagia
614 2568 754 2633 Walliae
778 2578 992 2633 remanerent
1023 2570 1108 2651 regi,

160 2675 392 2750 praeterquam
423 2671 602 2745 baronum,
640 2669 699 2751 qui
738 2670 773 2732 in
811 2669 960 2734 confinio
991 2668 1110 2733 Snow·

161 2768 274 2832 deniae
301 2770 548 2848 morabantur3
591 2789 628 2833 se
656 2769 747 2832 enim
771 2769 960 2851 principem
984 2789 1110 2834 conve·

160 2867 293 2931 nieuter
320 2888 444 2933 vocare
467 2889 535 2933 nou
569 2876 697 2952 posset,
732 2869 798 2932 nisi
827 2870 892 2932 sub
915 2890 952 2933 se
974 2870 1110 2952 aliquos

159 2969 305 3032 barones
338 2969 491 3034 haberet.
555 2969 643 3033 Item
668 2969 758 3052 quod
793 2988 917 3034 nomeu
947 2970 1111 3053 principis
1144 2967 1149 2976 '

161 3077 295 3133 tantum
317 3070 459 3135 haberet
480 3070 523 3133 ad
547 3069 653 3134 vitam
680 3089 791 3147 suam,
812 3079 847 3134 et
870 3078 1110 3153 postmortem

160 3169 236 3253 ejus
278 3171 431 3253 quinque
470 3169 713 3253 praedictorum
747 3171 914 3235 baronum
949 3170 1112 3252 homagia

161 3270 234 3351 regi
257 3269 396 3351 Angliae
428 3270 562 3347 fierent,
592 3278 628 3333 et
653 3271 726 3333 suis
748 3271 929 3334 heredibus
953 3271 987 3334 in
1011 3278 1111 3334 neter-

160 3390 251 3434 num.
305 3369 375 3434 Pro
404 3371 660 3434 assecuratione
682 3371 827 3434 istorum
850 3370 992 3435 tradidit
1014 3371 1110 3452 priu-

160 3489 241 3552 ceps
262 3463 394 3535 ¹decem
419 3472 556 3536 obsides
584 3470 625 3534 de
654 3470 851 3535 melioribus
873 3469 1012 3534 Walliae
1035 3471 1112 3534 abs·

162 3590 228 3653 que
257 3570 540 3647 incarceratione,
583 3570 860 3647 exheredatione,
895 3578 930 3634 et
964 3570 1111 3635 termino

159 3670 398 3751 liberationis;
422 3679 457 3735 et
480 3671 522 3734 de
545 3672 635 3734 omni
660 3671 835 3747 caatred0,
864 3669 964 3733 etde
990 3668 1112 3734 Snow·

160 3771 274 3848 donia,
304 3781 339 3836 et
361 3772 403 3835 de
426 3765 595 3834 ²coucilio
617 3771 781 3853 principis
805 3769 928 3850 viginti
953 3770 1111 3834 meliores

115 3929 117 3933 .
156 3872 324 3955 jurabant
335 3862 992 3957 tactissacrosanctisreliquiis,³[qu0d
1004 3888 1112 3953 quan·

161 3972 355 4056 ducumque
380 3973 540 4055 princeps
573 3971 722 4054 aliquem
752 3969 995 4053 praedictorum
1028 3970 1112 4034 arti-

197 4153 328 4218 ¹‘duoo;’
342 4157 389 4207 Ar.
401 4162 458 4207 22⁰.
684 4153 754 4205 'All
763 4156 852 4205 within
863 4155 1115 4207 bmkeamcrre-

196 4226 371 4289 '‘coneilio;'
385 4225 453 4279 Μ.
650 4225 938 4288 leulyomiuedinlr.
