2896 4860
554 401 740 452 inuisas.
1057 389 1123 454 335

173 561 311 635 montis,
341 562 400 644 qui
435 559 521 625 illud
553 560 761 639 detinuerat,
789 582 867 627 curn
899 563 978 627 aliis
1004 571 1120 628 custo-

172 662 239 726 dias
267 662 501 745 mancipavit:
536 660 624 725 duas
654 663 758 727 etiam
787 666 906 746 galeas
931 664 1122 747 pulcherri-

173 782 260 840 mas,
286 782 374 846 quas
409 762 452 826 ad
483 762 655 827 munimen
688 765 783 829 urbis
811 784 871 830 rex
909 764 1121 830 Francorum

172 863 313 939 fecerat,
338 863 373 927 in
400 882 500 926 usum
523 881 625 928 suum
653 866 799 949 accepit.
866 864 949 930 Nou
974 867 1120 930 multum
1134 881 1254 972 ⁸⁰⁰⁰g⁸⁸ss¹

172 984 255 1030 vero
272 971 352 1048 post
371 963 505 1027 reddita
521 970 574 1028 est
589 963 746 1046 Anglicis
765 966 849 1030 villa
872 966 991 1030 Sancti
1008 965 1031 1031 J
1035 986 1120 1031 oan·
1133 934 1171 973 ‘h‘
1199 944 1227 983 ⁰⁸
1244 935 1277 972 ἠ

173 1066 227 1129 nis
256 1066 300 1128 de
323 1065 461 1141 Sordes,
487 1065 684 1148 multasque
713 1066 801 1130 alias
826 1065 928 1131 villas
955 1077 1121 1151 ceperunt

172 1174 208 1230 ct
227 1166 455 1244 munitiones3
479 1165 683 1247 quibusdam
703 1187 741 1231 se
761 1175 884 1249 sponte
903 1167 1119 1245 dedentibus

171 1267 376 1349 quibusdam
390 1266 558 1330 violenter
575 1266 750 1331 subactis:
767 1275 957 1350 auctusque
974 1276 1028 1333 est
1045 1268 1119 1333 An·

172 1367 339 1449 glicorum
365 1367 539 1432 exercitus
565 1366 600 1429 iu
625 1368 732 1446 brevi,
752 1368 870 1434 multis
893 1368 1014 1433 fraude
1032 1368 1118 1433 Gal-

171 1467 315 1533 licorum
357 1468 498 1549 cognita
538 1467 582 1530 ad
619 1468 819 1534 fidelitatem
858 1470 950 1551 regis
981 1469 1118 1551 Angliae

173 1569 330 1645 reversiS,
353 1569 387 1631 in
408 1576 558 1652 quatuor
580 1568 731 1634 millibus
754 1570 908 1655 peditum
932 1571 1119 1653 equitibus-

171 1689 238 1752 que
256 1669 422 1733 ducentis.

222 1769 321 1833 Rex·
339 1767 476 1850 Angliae
508 1770 656 1835 transito
691 1770 831 1834 flumine
863 1771 905 1834 de
939 1769 1120 1835 Coneweie
1135 1787 1226 1828 aaran

172 1877 211 1933 ut
234 1869 379 1934 ulterius
404 1870 669 1952 progrederetur
686 1871 720 1933 in
738 1871 915 1945 Walliam,
936 1890 1019 1941 cum
1037 1840 1263 1937 non-illitis

172 1970 253 2033 dum
284 1977 379 2034 totus
413 1971 638 2035 comitaretur
668 1972 855 2049 exercitus,
889 1973 1000 2053 captis
1032 1972 1122 2054 bigis
1134 1941 1216 1982 Μὴ

171 2078 207 2134 et
238 2071 395 2134 curribus
424 2073 632 2136 victualibus
663 2073 796 2137 onustis
827 2091 849 2135 a
876 2071 1122 2149 wallensibus,

171 2190 232 2253 per
262 2179 395 2254 tempus
426 2171 567 2254 aliquod
601 2173 744 2255 penuria
778 2179 976 2251 coartatur3
1003 2173 1053 2236 ita
1083 2182 1122 2238 ut

169 2290 350 2354 quousque
368 2274 500 2336 veniret
522 2273 660 2336 adeum
683 2273 818 2356 reliqua
833 2292 914 2355 pars
935 2273 1121 2350 exercitus,

170 2391 296 2457 aquam
319 2372 419 2436 mello
442 2373 587 2437 mixtam
601 2374 744 2450 biberet,
768 2392 924 2456 paneque
950 2393 1027 2436 cum
1051 2374 1120 2436 sal·

169 2474 217 2536 sis
239 2474 400 2537 carnibus
428 2467 646 2538 vesceretur.¹
711 2472 836 2538 Comes
860 2473 1034 2549 Warwici,
1057 2493 1119 2537 au·

169 2573 241 2638 dito
263 2575 355 2656 quod
382 2573 577 2638 Wallenses
603 2575 639 2637 in
665 2574 817 2637 maxima
840 2573 1059 2637 multitudine
1084 2574 1118 2636 in

170 2675 320 2758 quadarn
346 2675 489 2758 planitie
518 2675 609 2738 inter
637 2673 707 2738 duo
738 2693 879 2738 nemora
904 2694 942 2737 se
969 2675 1118 2738 adunas·

169 2783 258 2851 seut,
281 2783 462 2857 assumpta
483 2794 598 2839 secum
623 2774 733 2839 electa
760 2774 885 2838 militia
910 2794 988 2838 cum
1012 2775 1117 2839 balis-

169 2877 267 2940 tariis
290 2884 325 2940 et
358 2875 562 2958 sagittariis,
590 2875 633 2940 de
656 2883 756 2939 nocte
782 2874 1028 2959 superveniens
1058 2894 1117 2939 eos

169 2976 320 3059 undique
342 2977 602 3054 circumcinxit3
627 2976 687 3058 qui
713 2975 793 3040 fixis
818 2976 856 3039 in
877 2984 970 3040 terra
989 2976 1117 3040 lanceis

168 3078 327 3160 cuspides
359 3077 395 3141 in
423 3077 620 3160 oppositum
652 3077 854 3142 irruentium
880 3077 1046 3159 dirigunt,
1078 3085 1117 3142 ut

168 3178 219 3242 sic
236 3197 274 3242 se
292 3179 336 3242 ab
354 3177 484 3261 impetu
502 3178 656 3259 equitum
674 3184 865 3242 tuerentur.
916 3178 983 3241 Sed
1001 3196 1116 3241 comes

168 3279 257 3343 inter
282 3279 369 3343 duos
395 3279 529 3362 equites
554 3278 668 3361 posito
694 3298 763 3342 uno
789 3278 980 3354 balistario,
1003 3297 1044 3342 ae
1063 3278 1117 3362 ja-

168 3379 255 3443 culis
281 3379 483 3444 balistarum
507 3398 635 3460 magna
666 3387 766 3461 parte
797 3397 929 3456 eorum,
955 3378 1015 3461 qui
1043 3378 1118 3443 lau-

167 3500 246 3544 ceas
276 3481 452 3554 tenebant,
485 3479 681 3562 prostratis,
710 3498 788 3542 cum
819 3486 934 3543 turma
962 3480 1116 3561 equitum

202 3628 212 3662 ¹
228 3632 362 3693 ‘Cumque
372 3631 492 3681 haberent
503 3630 628 3679 modicum
656 3645 730 3679 unam
751 3636 777 3678 et
795 3631 902 3680 similem
921 3631 1016 3680 dietam
1036 3632 1117 3692 patie-

166 3703 228 3764 vini,
240 3704 284 3751 vix
300 3703 376 3751 unius
390 3702 489 3763 lagenae
507 3700 630 3749 ‘emtum-
654 3716 711 3750 mur
724 3716 857 3762 quousque
873 3701 993 3763 respiciat
1004 3716 1049 3750 nos
1060 3702 1117 3763 ipae

166 3773 304 3835 lum,quod
313 3788 358 3835 pro
367 3787 426 3834 rege
434 3772 533 3821 salvare
542 3772 629 3820 ‹lecre-
654 3772 726 3821 Daos
734 3773 760 3820 in
771 3772 839 3834 alto;
851 3787 897 3820 nec
908 3772 1034 3833 praeficiar
1045 3773 1117 3821 vobis

167 3849 264 3904 verant,
279 3859 329 3893 non
352 3843 483 3904 adquievit
498 3842 554 3903 ipse
574 3856 629 3903 rex,
654 3844 680 3891 in
705 3839 761 3903 esu,
784 3842 828 3903 qui
855 3842 1017 3890 coanationis
1046 3842 1116 3891 illius

166 3915 212 3963 sod
235 3916 280 3974 ait,
302 3913 417 3963 ‘Omnia
435 3915 461 3961 in
478 3912 628 3961 necessitate
653 3914 724 3974 origo
732 3918 759 3961 et
767 3926 846 3961 causa
857 3909 930 3962 sum?
950 3912 1027 3963 Hem.
1038 3917 1115 3974 pol.

165 3985 258 4035 debent
268 3999 324 4034 esse
338 3983 490 4043 communia,
502 3987 527 4031 et
542 3997 628 4031 omnes

497 4069 624 4076 ——-
628 4066 775 4075 -,-.-----

201 4109 212 4134 ⁸
229 4105 301 4153 lllore
313 4103 430 4165 properly
439 4102 614 4152 ‘costrollum’
640 4102 664 4150 Α
673 4100 773 4151 costrell
784 4113 839 4148 was
850 4114 867 4147 a
877 4097 958 4147 vessel
970 4098 1115 4159 containing

167 4175 258 4224 twelve
271 4174 370 4236 ponnds
385 4174 466 4237 liquid
477 4190 484 4232 ;
502 4174 560 4223 bere
572 4175 592 4223 it
603 4187 698 4233 means,
708 4174 734 4221 iu
746 4187 763 4220 a
774 4185 841 4219 more
858 4169 985 4219 indefinite
1002 4182 1086 4230 sense,
1099 4182 1116 4215 a

166 4247 249 4308 flagou
260 4260 289 4293 or
300 4249 383 4306 stoup.
