2896 4860
578 400 762 449 nnunnns.
1081 386 1147 450 183

187 555 252 619 bus
290 557 500 637 confiscatis,
538 559 580 623 de
618 567 710 623 terra
747 559 812 622 sub
851 558 965 622 edicto
1005 559 1143 642 publico

189 650 435 739 'expelluntun

237 757 308 821 His
339 760 551 842 temporibus
585 760 710 825 claruit
743 760 777 822 iu
811 760 984 823 territorio
1014 760 1140 826 Belva-
1155 776 1272 837 minandu-

185 860 280 922 censi
309 851 521 924 ²Elinandus
550 860 750 936 monachus,
783 861 842 943 qui
873 860 1068 924 chronicam
1096 828 1271 926 abflmm'ha'

184 957 285 1023 initio
311 961 429 1024 mundi
454 980 562 1045 usque
593 962 636 1025 ad
668 970 803 1043 tempus
828 979 928 1024 suum
958 961 1140 1043 diligenter

183 1061 413 1144 conscripsit:
444 1061 551 1127 edidit
567 1069 604 1126 et
624 1063 711 1125 duos
737 1061 854 1138 libros,
879 1082 982 1126 unum
1008 1062 1050 1127 de
1072 1064 1139 1128 Re-

186 1160 317 1241 gimine
345 1161 557 1245 Principum,
587 1172 622 1228 et
648 1163 753 1226 ulium
784 1181 885 1245 quern
914 1163 956 1227 de
988 1163 1138 1229 Planctu

184 1252 369 1326 ³lrlonachi
385 1264 497 1328 voluit
513 1264 692 1347 appellari.
740 1262 914 1327 Henricus
935 1263 1137 1329 Graecorum

182 1360 383 1444 imperator,
400 1364 594 1429 coadunato
609 1365 776 1440 exercitu,
792 1373 915 1429 terram
930 1384 1138 1447 pervagans,

183 1462 384 1528 resistentes
405 1464 566 1548 subjecit,
590 1476 624 1530 et
654 1465 831 1548 subjectos
858 1466 999 1548 pacifice
1022 1466 1139 1531 vivere

183 1563 321 1645 coegit3
344 1564 589 1630 dominationis
610 1586 682 1630 suae
703 1566 867 1629 terminos
894 1566 1043 1649 undique
1068 1588 1139 1631 am·

182 1662 297 1745 plians
336 1673 371 1728 et
404 1665 565 1730 dilatans.
626 1666 783 1730 loannes
814 1687 875 1730 rex
912 1666 1061 1748 Angliae,
1097 1668 1139 1732 de

184 1761 356 1827 Hibernia
385 1776 511 1847 quarto
541 1767 701 1831 calendas
732 1766 942 1848 Septembris
975 1788 1138 1850 prospere

181 1883 353 1941 reversus,
373 1866 416 1930 de
435 1867 583 1930 abbatiis
605 1869 751 1950 aliisque
771 1867 1009 1948 religiosorum
1030 1868 1140 1932 domi·

182 1965 260 2042 bus,
297 1973 333 2030 et
362 1968 536 2050 praecipue
564 1967 858 2045 cisterciensium,
891 1968 1009 2049 exegit
1036 1968 1136 2033 talla-

180 2066 275 2147 gium
295 2068 395 2131 nimis
412 2089 530 2150 grave.

433 2277 721 2286 --—-—-—--.-.-

197 2297 222 2333 l).
236 2298 262 2334 ll.
273 2299 294 2335 J.
305 2300 329 2334 0.
417 2301 438 2336 Ρ.
452 2300 614 2335 ntntnn’onutt
627 2301 652 2337 B.
766 2301 918 2336 stanconam
971 2300 1109 2336 suetonum

190 2357 329 2365 --—-—--
341 2360 547 2367 ——.-.-.-
588 2360 719 2366 .—------
738 2358 788 2366 —
817 2359 941 2366 .—--—-

214 2386 302 2424 uoexr.
348 2388 495 2426 rnuocesrn
507 2361 673 2427 inserueris
685 2389 720 2426 rr.
767 2390 878 2425 mitur-rr
893 2390 923 2426 11.
991 2361 1106 2424 ioannis*

429 2450 467 2495 1³.
605 2452 629 2495 2.
643 2450 682 2494 13.
826 2451 866 2495 8⁰.
1029 2451 1068 2496 la.

230 2604 388 2670 Orneus
425 2608 632 2671 auctoritate
667 2608 858 2688 apostolica
894 2608 1258 2685 condemnato,nffn„.0f

179 2706 351 2790 principes
372 2704 585 2771 Alemanniae
612 2706 830 2771 Fredericum
854 2729 969 2789 regem
996 2708 1133 2787 Siciliae,
1148 2691 1279 2742 ‘mmm'

181 2804 326 2871 Henrici
358 2808 532 2890 quondam
563 2808 781 2890 imperatoris
813 2829 858 2871 ex
890 2828 1007 2872 sorore
1041 2809 1132 2873 Con·

179 2908 310 2973 stantia
335 2917 506 2990 nepotem,
529 2908 636 2972 filium
654 2908 822 2971 Willelnri
845 2909 1017 2991 quondam
1041 2912 1133 2991 regis

180 3006 322 3085 Siciliae,
360 3009 395 3072 in
435 3029 551 3090 regem
581 3003 735 3090 ⁴eligunt
766 3008 1028 3089 Rornanorum3
1073 3012 1133 3093 qni

182 3107 330 3173 Romam
355 3111 507 3187 veniens,
535 3109 720 3173 honorifice
749 3110 947 3192 suscipitur,
977 3118 1011 3174 et
1037 3117 1131 3175 tran·

179 3211 310 3275 scansis
341 3208 490 3293 Alpibus
527 3209 769 3274 Alemanniam
808 3211 995 3292 ingressus,
1039 3213 1131 3294 apud

181 3309 402 3393 Magantiam
445 3311 480 3374 in
520 3330 635 3392 regern
678 3310 895 3375 Alemanniae
933 3322 1130 3376 coronatur.

181 3410 261 3476 Rex
288 3410 427 3492 Angliae
453 3410 608 3475 Joannes
629 3410 799 3474 Galenses
821 3411 1025 3476 rebellantes
1051 3415 1131 3476 sub-

180 3513 264 3595 egit,
297 3513 356 3595 qui
386 3510 607 3575 nibilominus
636 3513 820 3595 resumptis
849 3513 978 3574 viribus
1008 3514 1129 3577 iterum

178 3612 299 3678 eodem
321 3631 412 3675 anno
435 3610 600 3695 Angliam
628 3612 850 3677 infestabant.
904 3611 1028 3677 Nuntii
1057 3615 1131 3679 mit-

178 3722 300 3778 tuntur
313 3714 347 3776 in
360 3710 522 3794 Angliam
536 3731 556 3776 a
571 3733 662 3796 papa
681 3714 883 3777 Innocentio
902 3712 1130 3796 Pandulplrns

180 3821 213 3879 et
241 3813 441 3890 Durandusr,
473 3822 511 3877 ut
540 3815 570 3877 si
600 3833 668 3896 quo
697 3813 798 3877 modo
818 3825 979 3895 possent,
1012 3834 1130 3897 pacem

179 3916 399 3997 interregem
418 3923 452 3979 et
467 3914 762 3997 archiepiscopum
778 3923 1012 3997 procurarent.
1066 3916 1130 3979 Eo-

658 4062 915 4069 -.....——-..---—..
927 4063 939 4067 ..
956 4063 986 4067 ....
997 4062 1004 4067 .
1018 4062 1117 4069 *-

213 4139 220 4172 ¹
238 4142 399 4205 ‘expellente
409 4137 423 4203 ;'
436 4143 474 4192 M.
484 4148 509 4191 et
521 4142 568 4193 Ar.
652 4150 654 4161 '
701 4141 711 4172 ³
728 4144 735 4170 ‘
747 4144 867 4191 blonachi
878 4145 944 4204 lapsi
955 4145 971 4205 ;’
981 4146 1021 4193 M.

213 4210 224 4241 ¹
238 4213 407 4263 ‘Elimaudus
418 4208 434 4275 ;’
445 4214 484 4263 Μ.
496 4217 520 4263 et
530 4212 578 4264 Ar.
651 4180 655 4263 Ι
700 4213 711 4243 ⁴
727 4208 895 4276 ‘elegeruntf
910 4214 954 4263 Ar.
