2896 4860
553 412 738 463 saturnus.
1068 398 1134 464 219

178 574 223 652 ei,
241 580 281 637 ut
300 573 561 657 procurationes
583 574 626 638 de
645 573 812 652 ecclesiis,
838 574 874 637 in
896 574 1020 658 quibus
1043 596 1132 659 prae-

179 674 322 752 dicaret,
338 681 456 757 posset
474 675 640 758 accipere.
694 674 762 739 Sed
781 674 835 738 vir
854 675 925 739 Dm
947 676 1000 740 uti
1022 676 1134 741 noluit

180 775 251 838 ista
282 781 467 858 potestate.
519 775 617 839 Obiit
650 774 870 857 Ranulphus,
903 794 1017 841 comes
1049 775 1133 840 Ces·

179 875 318 939 trensis.
371 873 449 951 Eia,
473 875 648 940 comitissa
671 875 952 954 saresberiensis,
977 876 1135 941 fundavit

179 972 356 1039 abbatiam
373 974 642 1040 Canonissarum
658 975 700 1039 de
718 968 875 1053 ¹Lakoi,
897 975 1134 1041 Saresberien·

180 1072 230 1139 sis
245 1075 417 1139 dioecesis.

199 1272 349 1489 mnae!
433 1282 670 1318 anonumum.
789 1281 942 1317 rssuconusi
981 1281 1119 1317 inomaus

195 1370 336 1408 scamni.
363 1369 484 1405 oamonu
498 1369 536 1406 11.
571 1369 744 1408 romanicis.
782 1369 898 1405 wuovlt'l
911 1369 946 1407 ix.
968 1338 1127 1405 Mor-in.

439 1430 465 1476 7.
635 1431 678 1476 aa.
851 1430 876 1475 7.
1028 1430 1069 1476 17.

240 1567 462 1633 Gnacomus
496 1586 588 1650 papa
620 1568 760 1632 beatum
795 1560 1047 1643 'Dominicum
1077 1566 1135 1650 qui
1145 1589 1296 1632 emnam

182 1669 315 1754 primus
332 1667 486 1732 ordinem
505 1667 777 1731 Praedicatorum
795 1667 958 1744 instituit,
974 1666 1135 1749 catalogo
1145 1642 1250 1732 ‘iioffiina

179 1776 380 1834 sauctorum
403 1767 603 1849 adscripsit;
632 1766 731 1851 cujus
748 1786 873 1849 corpus
891 1766 1011 1831 eodem
1029 1785 1134 1845 anno,

180 1870 218 1933 iu
238 1867 393 1950 capitulo
416 1866 560 1931 fratrum
582 1867 733 1948 generali
758 1867 937 1944 Bononiae,
958 1867 1136 1948 praesenti·

180 1970 247 2033 bus
269 1967 529 2049 archiepiscopo
556 1958 779 2031 ³Rauennate
811 1966 957 2050 aliisque
986 1974 1135 2050 quatuor

179 2068 364 2153 episcopis,
394 2086 437 2132 ac
468 2073 640 2149 potestate
670 2066 880 2131 Bononiensi
912 2086 990 2131 cum
1021 2066 1134 2131 multi·

180 2169 303 2233 tudine
324 2167 464 2242 civium,
493 2168 529 2230 in
557 2167 812 2231 eminentiorem
846 2167 1052 2231 translatum
1081 2175 1134 2232 ost

179 2268 308 2333 iocum.
355 2266 398 2330 In
426 2266 526 2350 cujus
553 2267 751 2332 sanctitatis
777 2267 1024 2344 testimonium,
1053 2268 1132 2330 suo

180 2368 254 2433 iato
285 2385 357 2450 quo
387 2367 570 2448 tegebatur
602 2386 727 2449 corpus
757 2367 832 2451 ejus
870 2367 997 2450 lapide,
1033 2373 1132 2431 tanta

181 2467 358 2532 emanavit
385 2466 501 2530 odoris
530 2466 733 2548 fragrantia,
760 2477 890 2532 utnon
918 2475 989 2532 tam
1015 2467 1132 2549 sepul-

181 2587 279 2631 crum
306 2585 408 2650 quam
430 2566 517 2630 ceila
534 2567 709 2631 videretur
734 2576 924 2632 aromatum
955 2568 1130 2649 patuisse;

182 2686 245 2732 nec
268 2666 381 2730 solum
401 2666 536 2730 ossibus
560 2675 621 2731 aut
643 2666 777 2749 pulveri
800 2669 891 2732 sacri
908 2668 1061 2750 corporis
1076 2668 1132 2731 vel

180 2786 297 2852 capsae
320 2767 443 2844 inerat,
466 2785 584 2830 verum
610 2766 714 2831 etiam
741 2768 775 2831 in
801 2788 837 2831 re
867 2769 1133 2850 circumquaque

180 2873 359 2950 congesta,
382 2868 433 2931 ita
458 2873 498 2930 ut
523 2867 566 2930 ad
598 2866 805 2950 longinquas
834 2866 1051 2951 postmodum
1079 2888 1133 2931 re·

180 2968 303 3051 giones
324 2965 442 3031 delata
464 2965 604 3030 odorem
631 2968 744 3050 ipsum
770 2967 874 3051 longo
901 2975 1054 3051 tempore
1080 2988 1133 3032 re-

181 3068 318 3133 tineret.
368 3059 550 3131 ⁴Fratrum
582 3086 665 3132 vero
690 3068 861 3145 manibus,
890 3068 1041 3132 maxime
1069 3068 1133 3132 ali·

181 3167 266 3252 quid
297 3166 339 3231 de
367 3166 597 3232 sacrosanctis
631 3167 784 3250 reliquiis
816 3169 1051 3250 tangentibus,
1084 3169 1133 3233 sic

181 3267 333 3345 iuhaesit,
356 3275 397 3331 ut
417 3275 719 3350 quantumcunque
741 3268 835 3345 lotae,
851 3268 907 3332 vel
929 3270 1031 3333 ctiam
1055 3288 1134 3333 con·

181 3368 327 3445 fricatae,
352 3387 414 3450 per
442 3368 558 3450 plures
584 3365 659 3431 dies
690 3375 904 3432 conservatae
935 3367 1135 3451 fragrantiae

182 3468 417 3534 testimonium
433 3473 693 3552 praesentarent.

218 3660 543 3725 'maimundus
570 3661 648 3711 'l'heir
707 3658 794 3710 '‘En
816 3676 909 3711 masma
927 3662 952 3712 le
973 3668 1065 3725 temps,
1086 3678 1137 3724 que

182 3734 239 3783 ruia
252 3747 309 3781 vm
327 3732 383 3781 that
400 3732 429 3781 oi
447 3732 647 3793 Stdugustine.
673 3732 867 3782 SeintDominic
879 3732 954 3782 estoit
964 3747 994 3781 en
1008 3734 1137 3795 Espagne,

182 3804 232 3853 lu·
248 3817 305 3853 was
322 3803 365 3852 the
386 3803 439 3852 first
458 3804 580 3867 superior,
600 3802 648 3851 but
673 3808 699 3850 et
709 3802 885 3864 eu'I'holouse,
897 3808 922 3851 et
934 3818 965 3851 en
977 3802 1137 3865 Lombardic,

181 3872 300 3937 resigned
311 3873 354 3922 the
366 3872 436 3921 office
451 3873 477 3921 in
490 3877 563 3922 last.
597 3872 648 3921 She
674 3873 750 3921 estoit
766 3887 797 3921 en
813 3873 1137 3923 'I'huscaneSeintFraun-

182 3944 242 3993 died
255 3945 281 3992 in
295 3947 368 3992 tasi.
405 3942 471 3991 Both
483 3942 584 3993 Lacock
596 3943 646 3991 and
673 3943 735 4003 ceis,
752 3949 822 3993 mout
837 3957 938 3992 reuoms
954 3942 986 3992 de
1005 3940 1136 4003 seintete;'

184 4014 286 4064 Henton
292 4028 360 4062 were
369 4011 480 4062 founded
487 4029 520 4063 on
527 4012 569 4061 the
579 4027 648 4061 sama
675 4014 716 4062 Fr.
728 4013 771 4063 Tr.

183 4083 483 4145 day,viz.1oca1.maii
499 4081 649 4148 (Apriilti),
709 4077 903 4145 '‘navennae,’
931 4098 959 4130 or
985 4083 1138 4132 ‘Ravenna-

185 4157 260 4215 1²22,
275 4153 414 4215 according
430 4159 456 4202 to
474 4152 603 4215 Dugdale,
613 4154 646 4202 vi.
674 4149 772 4201 tonsi’t

185 4240 212 4287 p.
223 4226 282 4274 ⁶⁰⁰.
711 4220 720 4247 ⁴
736 4223 876 4272 ‘Nostrum
885 4217 901 4281 ς’
915 4222 952 4270 Μ.
965 4225 989 4270 et
998 4221 1044 4273 Ar.
