2896 4860
502 419 685 468 aurnuns.
1003 402 1070 468 1⁷7

111 576 254 659 provisa
280 577 331 642 eis
356 596 495 642 annona
519 577 699 642 constituit
726 576 933 643 sacerdotes.
986 576 1066 642 Μο-

111 677 214 741 nachi
230 677 499 743 cantuarienses
521 678 556 741 in
578 678 746 743 electione
765 678 871 742 futuri
895 678 1068 760 pontificis

111 778 301 856 discordes,
346 778 406 842 alii
449 779 652 861 magistrum
692 773 942 860 ¹Reginaldum
986 780 1068 842 sub-

114 879 264 964 priorem
294 897 408 957 suum,
435 879 494 943 alii
520 879 693 944 loannem
721 879 763 944 de
789 873 906 961 ²Gray
935 878 1066 943 North·

112 979 308 1058 nicensem,
325 980 523 1063 episcopum
542 980 733 1062 elegerunt.

164 1079 349 1164 Philippus
381 1078 591 1145 Francorum
623 1101 698 1157 rex,
722 1082 845 1145 castris
870 1077 1066 1145 fortissimis

114 1180 244 1246 Lochis
261 1190 297 1246 et
315 1180 470 1246 Chinone
494 1182 617 1264 captis,
640 1202 662 1245 a
684 1181 835 1247 dominio
853 1180 1066 1263 Andegaviae

113 1291 150 1347 et
171 1281 338 1347 Turoniae
364 1281 518 1346 totaliter
545 1301 659 1364 regem
685 1282 878 1366 Anglorum
907 1282 1065 1346 exclusit

113 1382 168 1447 Eo
194 1392 348 1466 tempore
371 1402 439 1465 quo
467 1383 649 1466 episcopus
680 1384 834 1449 Didacus
860 1403 936 1448 cum
964 1383 1110 1447 beatos
1119 1396 1173 1437 vom
1174 1396 1217 1437 1n¹o

114 1483 300 1549 Dominico
316 1483 499 1548 insistebat
514 1483 771 1566 praedicationi
761 1504 796 1548 m
810 1484 964 1568 partibus
975 1482 1067 1547 Tho
1079 1448 1169 1549 Διξῑιῗῖὶ
1143 1509 1209 1539 orm

114 1583 258 1661 losanis,
280 1584 428 1666 contigit
450 1592 490 1648 ut
504 1583 595 1668 apud
620 1585 794 1650 Montem·
780 1585 966 1668 ·Regalem
989 1604 1065 1649 cum

115 1684 399 1769 praedicatoribus
430 1684 618 1750 Catholicis
652 1686 804 1750 haeretici
837 1685 1066 1768 disputarent.

118 1784 220 1850 Unus
230 1794 346 1851 autem
360 1786 402 1850 de
412 1786 551 1862 nostris,
566 1786 768 1851 Dominicus
787 1787 935 1863 nomine,
953 1788 1067 1850 socius

115 1886 271 1970 episcopi
293 1885 513 1963 oxomensis,
532 1886 622 1951 sicut
646 1887 681 1950 in
711 1886 830 1951 Gestis
854 1887 920 1950 viri
944 1888 1067 1951 nobilis

116 1987 353 2069 nominatique
376 1986 526 2052 Simonis
545 1987 679 2051 comitis
707 1985 954 2052 Montis-fortis
982 1987 1068 2070 legi-

115 2097 184 2165 tur,
201 2089 428 2152 auctoritates
444 2107 531 2170 quas
548 2089 583 2151 in
602 2088 750 2152 medium
768 2087 981 2170 produxerat
994 2088 1068 2152 red·

118 2190 191 2271 egit
225 2189 260 2253 in
289 2189 440 2271 scriptis,
471 2196 506 2252 et
538 2181 690 2252 ³cuidam
729 2189 892 2253 haeretico
927 2188 1068 2253 tradidit

116 2288 328 2365 schedulam,
351 2297 389 2353 ut
406 2308 510 2372 super
529 2289 673 2373 objectis
690 2282 906 2354 *deliberatis
926 2309 1068 2371 respon·

117 2390 226 2458 deret.
279 2389 348 2470 Qui
373 2397 473 2455 nocte
496 2389 540 2455 ad
565 2391 678 2473 ignem
705 2390 828 2455 sedens
856 2411 933 2455 cum
953 2390 1068 2466 sociis,

116 2491 160 2555 de
181 2510 300 2557 eorum
326 2510 469 2554 assensu
494 2491 692 2556 schedulam
719 2490 864 2575 projecit
887 2492 1069 2573 inignem,

117 2592 211 2657 sacta
241 2591 490 2673 protestatione
516 2593 606 2674 quod
636 2593 665 2655 si
693 2593 962 2670 combureretur,
986 2611 1070 2657 vera

119 2702 212 2757 esset
233 2691 331 2769 fides,
350 2692 455 2755 immo
473 2691 629 2774 perfidia,
653 2692 911 2771 haereticorum
939 2694 969 2756 si
987 2712 1069 2758 vero

117 2792 335 2858 incombusta
365 2800 533 2869 maneret,
564 2791 664 2858 fidem
699 2813 802 2876 quam
833 2794 1071 2876 praedicabant

119 2892 291 2959 Catholici
308 2911 424 2956 veram
439 2912 515 2956 esse
536 2893 734 2957 faterentur.
789 2893 952 2978 Projecta
974 2893 1069 2958 sche-

119 2993 201 3059 dula
217 2993 252 3057 in
275 2994 390 3075 ignem
414 3012 484 3057 non
507 3000 642 3057 tantum
665 2994 780 3071 semel,
804 2995 864 3060 sed
888 2996 1012 3059 iterum
1035 3003 1071 3058 et

118 3095 233 3171 tertio,
251 3094 354 3158 toties
370 3094 505 3158 resiluit
519 3095 622 3158 etiam
637 3094 863 3160 incombusta.
915 3095 996 3159 Hoc
1010 3114 1072 3177 per

118 3194 301 3281 quemdam
333 3194 394 3278 qui
418 3194 672 3278 aliquantulum
703 3196 891 3260 Catholicis
925 3214 1070 3260 consen-

119 3296 239 3374 tiebat,
267 3304 304 3360 et
328 3301 411 3360 tunc
442 3302 708 3378 praesenserat,
738 3297 781 3361 ad
815 3296 1072 3361 Catholicorum

119 3398 278 3481 pervenit
293 3397 463 3461 notitiam.
516 3394 603 3460 Cum
627 3404 742 3460 autem
769 3416 810 3460 eo
833 3405 986 3481 tempore
1012 3418 1074 3462 no·

119 3498 208 3563 biles
225 3498 377 3582 quidam,
400 3504 556 3579 egestate
578 3497 760 3580 compulsi,
782 3497 871 3562 filias
897 3517 979 3563 suas
1001 3505 1073 3563 tra-

118 3599 242 3665 derent
270 3597 441 3662 haereticis
474 3596 685 3675 nutriendas,
718 3599 840 3663 beatus
873 3599 1075 3664 Dominicus

120 3718 239 3765 earum
272 3699 500 3783 perniciosum
530 3700 713 3763 miseratus
742 3699 974 3782 opprobrium,
1003 3719 1074 3764 mo·

121 3799 313 3866 hasterium
327 3818 391 3883 pro
408 3818 526 3863 earum
544 3800 740 3883 receptione
757 3800 919 3878 instituit,
941 3801 976 3864 in
1000 3799 1076 3864 loco

159 4085 166 4115 ¹
183 4086 349 4148 ‘Raynerum
360 4079 373 4143 3'
388 4084 449 4133 Cod.
462 4083 526 4144 Reg.
649 4079 660 4112 ³
677 4081 786 4130 ‘nudam
797 4076 811 4141 3'
823 4082 861 4130 M.
873 4086 897 4129 et
909 4080 955 4130 Ar.

156 4154 168 4187 ²
184 4159 192 4188 ‘
204 4156 277 4218 arey
288 4154 479 4205 Norwicemcm
490 4148 505 4213 ;’
517 4152 556 4203 Μ.
565 4156 590 4201 et

120 4229 168 4279 Ar.
651 4220 660 4251 ⁴
677 4221 835 4272 ‘deliberans
846 4217 861 4281 ς’
872 4220 920 4271 Ar.

905 4339 929 4384 N
