2896 4860
539 389 718 439 rennues.
1038 377 1104 442 265

150 547 297 612 foederat
322 555 357 611 et
376 547 528 631 subjicit,
551 567 628 612 cum
653 548 751 630 pagis
771 556 805 612 et
825 547 929 625 villis,
952 549 1141 613 civitati-nn
1127 565 1210 614 ntur·

150 648 215 710 bus
233 656 267 711 et
285 646 462 711 castellis:
491 646 605 711 villam
633 649 736 711 etiam
764 646 975 726 Gloverniee,
998 668 1169 732 quamou
1114 577 1256 756 {ffimn

151 766 261 829 nuper
280 765 396 811 comes
418 746 547 830 Symon
568 747 696 830 optime
718 748 898 823 munierat,
922 767 1102 831 expugna·
1258 741 1263 752 ’

150 847 201 911 vit
225 854 260 910 et
278 848 381 929 cepit,
404 846 615 929 fugientibus
634 846 676 910 ad
701 859 851 912 castrum
879 847 1101 927 custodibus;

151 947 209 1029 qui
236 955 315 1029 post
337 947 410 1010 dies
433 946 625 1028 quindecim
650 946 782 1012 reddito
804 954 931 1023 castro,
955 956 991 1011 et
1011 967 1102 1030 prae·

152 1047 235 1110 stito
261 1046 460 1130 juramento
494 1045 584 1128 quod
619 1054 740 1110 contra
770 1046 977 1111 Edwardum
1005 1065 1104 1111 arma

151 1145 194 1208 de
212 1152 326 1210 cetero
351 1165 419 1208 non
441 1153 632 1228 portarent,
654 1147 752 1210 liberi
766 1147 995 1210 dimittuntur.
1035 1147 1101 1211 Co-

152 1264 224 1308 mes
251 1265 332 1309 vero
360 1244 556 1310 Leicestriae
583 1253 733 1309 castrum
757 1245 983 1321 Monemutae,
1008 1246 1101 1327 quod

149 1364 265 1409 comes
299 1344 497 1409 Gloverniae
539 1366 647 1427 nuper
681 1354 822 1428 ceperat
853 1354 888 1410 et
919 1345 1102 1423 munierat,

150 1445 280 1508 coactis
302 1444 346 1508 ad
367 1444 573 1509 deditionem
595 1444 806 1524 custodibus,
826 1446 869 1509 ad
890 1444 1001 1509 solum
1026 1466 1102 1528 pro

150 1545 296 1620 stravit3
333 1544 578 1625 ingressusque
610 1554 735 1608 terram
767 1544 920 1629 ejusdem
957 1546 1101 1624 comitis,
1156 1550 1158 1554 ’

151 1663 229 1727 quae
248 1637 532 1726 lGlomorgancia
549 1643 686 1721 dicitur,
703 1653 903 1709 occurrente
919 1645 985 1709 sibi
1007 1645 1100 1727 prin·
1183 1700 1188 1707 .

150 1745 227 1826 cipe
256 1743 395 1808 Welliae
427 1744 462 1806 in
493 1743 695 1819 subsidium,
727 1744 843 1808 omnia
873 1746 1025 1808 vastavit
1052 1745 1102 1808 in·

121 1910 132 1925 ,
151 1843 271 1908 cendio
289 1850 393 1925 atque
409 1843 513 1907 ceede.
567 1842 710 1908 Interim
727 1864 810 1909 vero
831 1843 1021 1908 Edwardus
1042 1863 1102 1908 au·

150 1943 247 2006 diens
276 1943 367 2024 quod
392 1943 491 2006 multi
514 1944 557 2007 de
583 1951 682 2025 parte
708 1944 844 2008 comitis
871 1943 1029 2026 symonis
1057 1944 1101 2007 ad

151 2050 300 2106 castrum
339 2042 431 2126 quod
466 2041 683 2107 Kenilworth
718 2043 845 2107 dicitur
877 2043 1102 2121 confluerent,

150 2142 315 2225 adjuncto
329 2142 394 2205 sibi
412 2143 536 2207 comite
547 2141 754 2218 Gloverniae,
769 2163 846 2208 sero
862 2143 905 2207 de
921 2143 1103 2224 Wigornia

149 2242 231 2305 illuc
255 2241 409 2319 tendens,
442 2243 618 2325 citatoque
647 2242 757 2324 gradu
791 2243 906 2307 subito
938 2261 1100 2324 superve-

151 2342 261 2417 niens,
278 2342 370 2424 cepit
389 2342 547 2406 comitem
565 2342 712 2407 Oxoniae
727 2362 805 2406 cum
821 2341 986 2405 militibus
1002 2334 1104 2405 ²ven·

149 2440 283 2504 illiferis
296 2441 432 2505 circiter
451 2442 612 2506 tredecim
627 2452 812 2523 antequam
823 2448 974 2504 castrum
986 2447 1103 2505 essent

149 2541 309 2621 ingressi,
326 2542 361 2604 in
380 2560 449 2623 quo
472 2560 510 2604 se
527 2542 601 2625 jam
625 2547 801 2622 receperat
823 2539 952 2624 Symon
966 2541 1102 2604 comitis

151 2639 312 2723 Symonis
331 2640 429 2705 filius.

199 2740 328 2822 Symon
346 2758 461 2804 comes
479 2739 674 2805 Leicestriee
689 2759 805 2823 regem
822 2759 958 2821 semper
970 2739 1165 2803 babens
1114 2752 1222 2846 fw-

150 2840 185 2902 in
207 2859 271 2903 sua
291 2839 466 2916 comitiva,
489 2838 533 2903 de
552 2841 696 2904 australi
712 2838 844 2904 Wallia
866 2858 1037 2918 reversus,
1065 2839 1101 2903 in

151 2938 240 3004 festo
270 2939 305 3002 S.
332 2939 427 3002 Petri
460 2939 504 3003 ad
540 2940 678 3004 vincula
712 2939 808 3004 venit
840 2939 884 3004 ad
913 2940 1102 3004 manerium

150 3038 403 3121 Wigorniensis
430 3039 595 3122 episcopi,
622 3038 715 3123 quod
742 3038 938 3122 Kemeseya
965 3038 1102 3116 dicitur,

152 3147 186 3203 et
211 3139 335 3202 ibidem
359 3140 393 3202 in
416 3140 566 3203 crastino
588 3139 798 3203 morabatur.
844 3138 1037 3203 Edwardus
1059 3137 1102 3202 de

153 3238 391 3303 Kenilworthe
414 3238 514 3302 rediit
535 3237 763 3319 Wigorniam,
784 3258 863 3322 quae
886 3258 908 3303 a
936 3238 1102 3321 praedicto

150 3339 304 3403 manerio
318 3338 424 3402 distat
439 3337 641 3401 milliaribus
663 3345 796 3402 tantum
819 3339 940 3401 tribus.
992 3338 1102 3422 Cujus

152 3439 302 3503 adventu
318 3438 468 3519 cognito,
486 3456 600 3502 comes
624 3436 752 3520 Symon
774 3457 851 3501 cum
875 3456 956 3517 rege
972 3437 1008 3500 in
1025 3439 1101 3520 ipso

151 3539 262 3602 noctis
300 3538 502 3620 crepusculo
541 3536 731 3614 discedens,
772 3537 807 3600 in
844 3535 971 3618 oppido
1008 3536 1102 3619 quod

153 3638 324 3702 Evesham
344 3638 471 3702 dicitur
494 3637 566 3700 fato
585 3636 741 3701 substitit
755 3636 894 3700 infelici.
947 3634 988 3698 In
1011 3653 1102 3699 cras-

152 3740 225 3801 tino
252 3757 412 3819 namque,
439 3737 498 3819 qui
526 3744 601 3800 erat
629 3734 702 3799 dies
730 3735 946 3800 Inventionis
976 3733 1011 3801 S.
1028 3733 1102 3798 Ste-

151 3836 266 3921 phani,
288 3836 480 3900 Edwardus
500 3855 643 3900 movens
660 3853 698 3901 se
715 3834 758 3900 de
775 3835 970 3918 Wigornia,
987 3841 1101 3898 trans·

189 4095 195 4123 ¹
214 4097 428 4159 ‘Glomergancia
439 4092 455 4156 ς’
469 4097 616 4157 Cod.Reg.:
677 4092 687 4122 ¹
703 4095 857 4144 ‘vexillariis
865 4094 883 4154 ;'
895 4094 933 4143 M.
949 4097 973 4141 et
984 4091 1033 4143 Ar.

154 4168 196 4216 the
208 4167 280 4217 other
291 4168 368 4217 MSS.
379 4182 408 4216 as
421 4169 447 4216 iu
459 4166 501 4216 the
511 4171 575 4216 text.
