<?xml version="1.0" encoding="UTF-8"?>
<!DOCTYPE html PUBLIC "-//W3C//DTD XHTML 1.0 Transitional//EN"
    "http://www.w3.org/TR/xhtml1/DTD/xhtml1-transitional.dtd">
<html xmlns="http://www.w3.org/1999/xhtml" xml:lang="en" lang="en">
 <head>
  <title>
</title>
<meta http-equiv="Content-Type" content="text/html;charset=utf-8" />
  <meta name='ocr-system' content='tesseract 3.04.00' />
  <meta name='ocr-capabilities' content='ocr_page ocr_carea ocr_par ocr_line ocrx_word'/>
</head>
<body>
  <div class='ocr_page' id='page_1' title='image "./fnicholaitrivet01trivgoog_0185.png"; bbox 0 0 2896 4860; ppageno 0'>
   <div class='ocr_carea' id='block_1_1' title="bbox 126 390 723 456">
    <p class='ocr_par' dir='ltr' id='par_1_1' title="bbox 126 390 723 456">
     <span class='ocr_line' id='line_1_1' title="bbox 126 390 723 456; baseline -0.007 0"><span class='ocrx_word' id='word_1_1' title='bbox 126 390 191 456; x_wconf 79' lang='grc'><strong>154</strong></span> <span class='ocrx_word' id='word_1_2' title='bbox 488 405 559 454; x_wconf 87' lang='lat' dir='ltr'><strong>mc.</strong></span> <span class='ocrx_word' id='word_1_3' title='bbox 575 405 723 454; x_wconf 84' lang='lat' dir='ltr'><strong>rarvnrr</strong></span> 
     </span>
    </p>
   </div>
   <div class='ocr_carea' id='block_1_2' title="bbox 3 557 1075 1152">
    <p class='ocr_par' dir='ltr' id='par_1_2' title="bbox 6 557 1075 1152">
     <span class='ocr_line' id='line_1_2' title="bbox 126 557 1075 650; baseline 0.003 -20"><span class='ocrx_word' id='word_1_4' title='bbox 126 565 195 630; x_wconf 90' lang='lat' dir='ltr'><strong>alia</strong></span> <span class='ocrx_word' id='word_1_5' title='bbox 218 565 346 648; x_wconf 93' lang='lat' dir='ltr'><strong>populo</strong></span> <span class='ocrx_word' id='word_1_6' title='bbox 371 571 471 629; x_wconf 86' lang='lat' dir='ltr'><strong>terrae</strong></span> <span class='ocrx_word' id='word_1_7' title='bbox 498 557 783 647; x_wconf 89' lang='lat' dir='ltr'><strong>¹pernecessaria,</strong></span> <span class='ocrx_word' id='word_1_8' title='bbox 800 565 874 630; x_wconf 84' lang='lat' dir='ltr'><strong>zelo</strong></span> <span class='ocrx_word' id='word_1_9' title='bbox 887 566 1035 650; x_wconf 73' lang='lat' dir='ltr'><strong>justitiae</strong></span> <span class='ocrx_word' id='word_1_10' title='bbox 1053 589 1075 633; x_wconf 92' lang='lat' dir='ltr'><strong>a</strong></span> 
     </span>
     <span class='ocr_line' id='line_1_3' title="bbox 125 665 1075 750; baseline 0.004 -20"><span class='ocrx_word' id='word_1_11' title='bbox 125 686 205 749; x_wconf 84' lang='lat' dir='ltr'><strong>rege</strong></span> <span class='ocrx_word' id='word_1_12' title='bbox 237 666 438 743; x_wconf 87' lang='lat' dir='ltr'><strong>constituta,</strong></span> <span class='ocrx_word' id='word_1_13' title='bbox 471 673 544 730; x_wconf 90' lang='lat' dir='ltr'><strong>toto</strong></span> <span class='ocrx_word' id='word_1_14' title='bbox 579 665 733 750; x_wconf 89' lang='lat' dir='ltr'><strong>ejusdem</strong></span> <span class='ocrx_word' id='word_1_15' title='bbox 770 674 924 750; x_wconf 91' lang='lat' dir='ltr'><strong>tempore</strong></span> <span class='ocrx_word' id='word_1_16' title='bbox 960 688 1075 734; x_wconf 88' lang='lat' dir='ltr'><strong>serva·</strong></span> 
     </span>
     <span class='ocr_line' id='line_1_4' title="bbox 125 766 1075 852; baseline 0.004 -22"><span class='ocrx_word' id='word_1_17' title='bbox 125 767 249 832; x_wconf 85' lang='lat' dir='ltr'><strong>bantur</strong></span> <span class='ocrx_word' id='word_1_18' title='bbox 265 766 386 830; x_wconf 87' lang='lat' dir='ltr'><strong>illaesa.</strong></span> <span class='ocrx_word' id='word_1_19' title='bbox 436 766 459 831; x_wconf 86' lang='lat' dir='ltr'>J</span> <span class='ocrx_word' id='word_1_20' title='bbox 463 767 644 831; x_wconf 87' lang='lat' dir='ltr'><strong>ustitiariis</strong></span> <span class='ocrx_word' id='word_1_21' title='bbox 665 775 781 831; x_wconf 86' lang='lat' dir='ltr'><strong>autem</strong></span> <span class='ocrx_word' id='word_1_22' title='bbox 806 768 879 832; x_wconf 88' lang='lat' dir='ltr'><strong>suis</strong></span> <span class='ocrx_word' id='word_1_23' title='bbox 898 770 1075 852; x_wconf 85' lang='lat' dir='ltr'><strong>praecepit,</strong></span> 
     </span>
     <span class='ocr_line' id='line_1_5' title="bbox 125 867 1073 952; baseline 0.002 -20"><span class='ocrx_word' id='word_1_24' title='bbox 125 888 167 932; x_wconf 95' lang='lat' dir='ltr'><strong>ne</strong></span> <span class='ocrx_word' id='word_1_25' title='bbox 194 867 354 950; x_wconf 83' lang='lat' dir='ltr'><strong>cuiquam</strong></span> <span class='ocrx_word' id='word_1_26' title='bbox 390 869 613 950; x_wconf 83' lang='lat' dir='ltr'><strong>conquerenti</strong></span> <span class='ocrx_word' id='word_1_27' title='bbox 646 867 818 952; x_wconf 88' lang='lat' dir='ltr'><strong>justitiam</strong></span> <span class='ocrx_word' id='word_1_28' title='bbox 852 868 1073 952; x_wconf 81' lang='lat' dir='ltr'><strong>denegarent.</strong></span> 
     </span>
     <span class='ocr_line' id='line_1_6' title="bbox 3 960 1075 1080; baseline 0.001 -46.003"><span class='ocrx_word' id='word_1_29' title='bbox 3 989 99 1080; x_wconf 62' lang='lat' dir='ltr'><strong>unna·</strong></span> <span class='ocrx_word' id='word_1_30' title='bbox 125 960 346 1034; x_wconf 84' lang='lat' dir='ltr'><strong>Advertens</strong></span> <span class='ocrx_word' id='word_1_31' title='bbox 351 969 453 1032; x_wconf 89' lang='lat' dir='ltr'><strong>etiam</strong></span> <span class='ocrx_word' id='word_1_32' title='bbox 478 969 660 1032; x_wconf 90' lang='lat' dir='ltr'><strong>nonnullas</strong></span> <span class='ocrx_word' id='word_1_33' title='bbox 678 969 897 1033; x_wconf 89' lang='lat' dir='ltr'><strong>ecclesiarum</strong></span> <span class='ocrx_word' id='word_1_34' title='bbox 920 990 1075 1054; x_wconf 89' lang='lat' dir='ltr'><strong>campes-</strong></span> 
     </span>
     <span class='ocr_line' id='line_1_7' title="bbox 19 1069 1075 1152; baseline 0.001 -17"><span class='ocrx_word' id='word_1_35' title='bbox 19 1113 34 1120; x_wconf 39' lang='grc' dir='ltr'><em>ω</em></span> <span class='ocrx_word' id='word_1_36' title='bbox 124 1070 226 1136; x_wconf 89' lang='lat' dir='ltr'><strong>trium</strong></span> <span class='ocrx_word' id='word_1_37' title='bbox 249 1069 423 1152; x_wconf 82' lang='lat' dir='ltr'><strong>argenteis</strong></span> <span class='ocrx_word' id='word_1_38' title='bbox 448 1088 564 1134; x_wconf 90' lang='lat' dir='ltr'><strong>carere</strong></span> <span class='ocrx_word' id='word_1_39' title='bbox 587 1069 763 1147; x_wconf 90' lang='lat' dir='ltr'><strong>calicibus,</strong></span> <span class='ocrx_word' id='word_1_40' title='bbox 794 1089 871 1134; x_wconf 91' lang='lat' dir='ltr'><strong>cum</strong></span> <span class='ocrx_word' id='word_1_41' title='bbox 898 1070 1075 1137; x_wconf 86' lang='lat' dir='ltr'><strong>didicisset</strong></span> 
     </span>
    </p>
   </div>
   <div class='ocr_carea' id='block_1_3' title="bbox 7 1142 1073 1252">
    <p class='ocr_par' dir='ltr' id='par_1_3' title="bbox 7 1142 1073 1252">
     <span class='ocr_line' id='line_1_8' title="bbox 7 1142 1073 1252; baseline 0.001 -17"><span class='ocrx_word' id='word_1_42' title='bbox 7 1142 73 1183; x_wconf 51' lang='grc' dir='ltr'><strong>’Μ</strong></span> <span class='ocrx_word' id='word_1_43' title='bbox 124 1191 183 1236; x_wconf 89' lang='lat' dir='ltr'><strong>eos</strong></span> <span class='ocrx_word' id='word_1_44' title='bbox 215 1189 287 1235; x_wconf 87' lang='lat' dir='ltr'><strong>suae</strong></span> <span class='ocrx_word' id='word_1_45' title='bbox 322 1170 566 1252; x_wconf 85' lang='lat' dir='ltr'><strong>redemptionis</strong></span> <span class='ocrx_word' id='word_1_46' title='bbox 596 1171 776 1235; x_wconf 79' lang='lat' dir='ltr'><strong>occasione</strong></span> <span class='ocrx_word' id='word_1_47' title='bbox 807 1171 976 1250; x_wconf 90' lang='lat' dir='ltr'><strong>sublatos,</strong></span> <span class='ocrx_word' id='word_1_48' title='bbox 1007 1173 1073 1237; x_wconf 89' lang='lat' dir='ltr'><strong>sibi</strong></span> 
     </span>
    </p>
   </div>
   <div class='ocr_carea' id='block_1_4' title="bbox 0 1263 1075 3676">
    <p class='ocr_par' dir='ltr' id='par_1_4' title="bbox 0 1244 1075 2362">
     <span class='ocr_line' id='line_1_9' title="bbox 17 1263 1073 1356; baseline 0.002 -21"><span class='ocrx_word' id='word_1_49' title='bbox 17 1263 102 1335; x_wconf 51' lang='lat' dir='ltr'><strong>¹nour</strong></span> <span class='ocrx_word' id='word_1_50' title='bbox 124 1280 287 1356; x_wconf 88' lang='lat' dir='ltr'><strong>tanquam</strong></span> <span class='ocrx_word' id='word_1_51' title='bbox 307 1291 364 1335; x_wconf 92' lang='lat' dir='ltr'><strong>reo</strong></span> <span class='ocrx_word' id='word_1_52' title='bbox 386 1271 561 1354; x_wconf 85' lang='lat' dir='ltr'><strong>imputans</strong></span> <span class='ocrx_word' id='word_1_53' title='bbox 580 1271 625 1334; x_wconf 88' lang='lat' dir='ltr'><strong>ad</strong></span> <span class='ocrx_word' id='word_1_54' title='bbox 651 1271 801 1354; x_wconf 90' lang='lat' dir='ltr'><strong>culpam,</strong></span> <span class='ocrx_word' id='word_1_55' title='bbox 820 1270 939 1336; x_wconf 90' lang='lat' dir='ltr'><strong>diviua</strong></span> <span class='ocrx_word' id='word_1_56' title='bbox 959 1273 1073 1337; x_wconf 90' lang='lat' dir='ltr'><strong>minus</strong></span> 
     </span>
     <span class='ocr_line' id='line_1_10' title="bbox 2 1344 1074 1456; baseline -0.001 -18"><span class='ocrx_word' id='word_1_57' title='bbox 2 1344 56 1436; x_wconf 40' lang='grc' dir='ltr'><strong><em>Ψ</em></strong></span> <span class='ocrx_word' id='word_1_58' title='bbox 124 1373 225 1456; x_wconf 81' lang='lat' dir='ltr'><strong>digne</strong></span> <span class='ocrx_word' id='word_1_59' title='bbox 247 1371 283 1437; x_wconf 91' lang='lat' dir='ltr'><strong>in</strong></span> <span class='ocrx_word' id='word_1_60' title='bbox 299 1372 364 1436; x_wconf 88' lang='lat' dir='ltr'><strong>hac</strong></span> <span class='ocrx_word' id='word_1_61' title='bbox 379 1381 477 1455; x_wconf 89' lang='lat' dir='ltr'><strong>parte</strong></span> <span class='ocrx_word' id='word_1_62' title='bbox 493 1372 670 1449; x_wconf 89' lang='lat' dir='ltr'><strong>celebrari,</strong></span> <span class='ocrx_word' id='word_1_63' title='bbox 688 1372 796 1455; x_wconf 90' lang='lat' dir='ltr'><strong>jussit</strong></span> <span class='ocrx_word' id='word_1_64' title='bbox 818 1371 891 1436; x_wconf 88' lang='lat' dir='ltr'><strong>fieri</strong></span> <span class='ocrx_word' id='word_1_65' title='bbox 913 1393 975 1456; x_wconf 91' lang='lat' dir='ltr'><strong>per</strong></span> <span class='ocrx_word' id='word_1_66' title='bbox 996 1373 1074 1438; x_wconf 89' lang='lat' dir='ltr'><strong>loca</strong></span> 
     </span>
     <span class='ocr_line' id='line_1_11' title="bbox 124 1466 1075 1556; baseline 0 -18"><span class='ocrx_word' id='word_1_67' title='bbox 124 1474 260 1539; x_wconf 89' lang='lat' dir='ltr'><strong>diversa</strong></span> <span class='ocrx_word' id='word_1_68' title='bbox 285 1473 409 1537; x_wconf 86' lang='lat' dir='ltr'><strong>calices</strong></span> <span class='ocrx_word' id='word_1_69' title='bbox 435 1473 718 1556; x_wconf 91' lang='lat' dir='ltr'><strong>quamplurimos,</strong></span> <span class='ocrx_word' id='word_1_70' title='bbox 748 1466 894 1556; x_wconf 85' lang='lat' dir='ltr'><strong>³eosque</strong></span> <span class='ocrx_word' id='word_1_71' title='bbox 920 1473 1075 1538; x_wconf 89' lang='lat' dir='ltr'><strong>ecclesiis</strong></span> 
     </span>
     <span class='ocr_line' id='line_1_12' title="bbox 124 1572 1073 1658; baseline 0 -19"><span class='ocrx_word' id='word_1_72' title='bbox 124 1574 356 1656; x_wconf 85' lang='lat' dir='ltr'><strong>indigentibus</strong></span> <span class='ocrx_word' id='word_1_73' title='bbox 393 1572 551 1638; x_wconf 88' lang='lat' dir='ltr'><strong>distribui</strong></span> <span class='ocrx_word' id='word_1_74' title='bbox 584 1574 657 1637; x_wconf 90' lang='lat' dir='ltr'><strong>sine</strong></span> <span class='ocrx_word' id='word_1_75' title='bbox 690 1592 799 1637; x_wconf 89' lang='lat' dir='ltr'><strong>mora.</strong></span> <span class='ocrx_word' id='word_1_76' title='bbox 861 1573 949 1638; x_wconf 84' lang='lat' dir='ltr'><strong>Cum</strong></span> <span class='ocrx_word' id='word_1_77' title='bbox 982 1575 1073 1658; x_wconf 91' lang='lat' dir='ltr'><strong>apud</strong></span> 
     </span>
     <span class='ocr_line' id='line_1_13' title="bbox 26 1674 1075 1758; baseline 0.004 -22"><span class='ocrx_word' id='word_1_78' title='bbox 26 1695 104 1736; x_wconf 68' lang='lat' dir='ltr'><strong>eeu</strong></span> <span class='ocrx_word' id='word_1_79' title='bbox 124 1675 470 1740; x_wconf 83' lang='lat' dir='ltr'><strong>westmonasterium</strong></span> <span class='ocrx_word' id='word_1_80' title='bbox 492 1675 527 1738; x_wconf 94' lang='lat' dir='ltr'><strong>in</strong></span> <span class='ocrx_word' id='word_1_81' title='bbox 550 1674 630 1738; x_wconf 91' lang='lat' dir='ltr'><strong>aula</strong></span> <span class='ocrx_word' id='word_1_82' title='bbox 646 1693 721 1751; x_wconf 91' lang='lat' dir='ltr'><strong>sua,</strong></span> <span class='ocrx_word' id='word_1_83' title='bbox 745 1694 823 1758; x_wconf 85' lang='lat' dir='ltr'><strong>quae</strong></span> <span class='ocrx_word' id='word_1_84' title='bbox 844 1674 968 1739; x_wconf 91' lang='lat' dir='ltr'><strong>dicitur</strong></span> <span class='ocrx_word' id='word_1_85' title='bbox 989 1674 1075 1740; x_wconf 86' lang='lat' dir='ltr'><strong>Par·</strong></span> 
     </span>
     <span class='ocr_line' id='line_1_14' title="bbox 0 1747 1074 1858; baseline 0 -17"><span class='ocrx_word' id='word_1_86' title='bbox 0 1747 64 1789; x_wconf 63' lang='lat'><strong>&#39;⁴⁸¹⁴&#39;</strong></span> <span class='ocrx_word' id='word_1_87' title='bbox 124 1795 179 1854; x_wconf 86' lang='lat' dir='ltr'><strong>va,</strong></span> <span class='ocrx_word' id='word_1_88' title='bbox 195 1775 250 1839; x_wconf 93' lang='lat' dir='ltr'><strong>die</strong></span> <span class='ocrx_word' id='word_1_89' title='bbox 270 1774 419 1858; x_wconf 87' lang='lat' dir='ltr'><strong>quodam</strong></span> <span class='ocrx_word' id='word_1_90' title='bbox 445 1774 641 1857; x_wconf 90' lang='lat' dir='ltr'><strong>pranderet,</strong></span> <span class='ocrx_word' id='word_1_91' title='bbox 658 1782 790 1840; x_wconf 91' lang='lat' dir='ltr'><strong>certum</strong></span> <span class='ocrx_word' id='word_1_92' title='bbox 808 1776 942 1858; x_wconf 89' lang='lat' dir='ltr'><strong>accepit</strong></span> <span class='ocrx_word' id='word_1_93' title='bbox 958 1796 1074 1841; x_wconf 90' lang='lat' dir='ltr'><strong>rumo-</strong></span> 
     </span>
     <span class='ocr_line' id='line_1_15' title="bbox 123 1875 1074 1959; baseline 0.001 -18"><span class='ocrx_word' id='word_1_94' title='bbox 123 1897 206 1953; x_wconf 91' lang='lat' dir='ltr'><strong>rem,</strong></span> <span class='ocrx_word' id='word_1_95' title='bbox 231 1875 321 1958; x_wconf 93' lang='lat' dir='ltr'><strong>quod</strong></span> <span class='ocrx_word' id='word_1_96' title='bbox 353 1875 534 1958; x_wconf 90' lang='lat' dir='ltr'><strong>Philippus</strong></span> <span class='ocrx_word' id='word_1_97' title='bbox 561 1875 773 1940; x_wconf 89' lang='lat' dir='ltr'><strong>Francorum</strong></span> <span class='ocrx_word' id='word_1_98' title='bbox 799 1895 874 1953; x_wconf 84' lang='lat' dir='ltr'><strong>rex,</strong></span> <span class='ocrx_word' id='word_1_99' title='bbox 897 1876 1074 1959; x_wconf 86' lang='lat' dir='ltr'><strong>ingressus</strong></span> 
     </span>
     <span class='ocr_line' id='line_1_16' title="bbox 124 1975 1074 2060; baseline 0 -18"><span class='ocrx_word' id='word_1_100' title='bbox 124 1977 385 2053; x_wconf 89' lang='lat' dir='ltr'><strong>Normanniam‚</strong></span> <span class='ocrx_word' id='word_1_101' title='bbox 406 1975 609 2041; x_wconf 90' lang='lat' dir='ltr'><strong>Vernolium</strong></span> <span class='ocrx_word' id='word_1_102' title='bbox 633 1976 828 2056; x_wconf 82' lang='lat' dir='ltr'><strong>obsideret3</strong></span> <span class='ocrx_word' id='word_1_103' title='bbox 860 1995 929 2060; x_wconf 91' lang='lat' dir='ltr'><strong>quo</strong></span> <span class='ocrx_word' id='word_1_104' title='bbox 954 1977 1074 2042; x_wconf 90' lang='lat' dir='ltr'><strong>audito</strong></span> 
     </span>
     <span class='ocr_line' id='line_1_17' title="bbox 118 2077 1073 2164; baseline -0.001 -22"><span class='ocrx_word' id='word_1_105' title='bbox 118 2079 255 2164; x_wconf 87' lang='lat' dir='ltr'><strong>jurasse</strong></span> <span class='ocrx_word' id='word_1_106' title='bbox 285 2077 405 2153; x_wconf 85' lang='lat' dir='ltr'><strong>fertur,</strong></span> <span class='ocrx_word' id='word_1_107' title='bbox 439 2096 476 2141; x_wconf 91' lang='lat' dir='ltr'><strong>se</strong></span> <span class='ocrx_word' id='word_1_108' title='bbox 506 2096 680 2159; x_wconf 89' lang='lat' dir='ltr'><strong>nunquam</strong></span> <span class='ocrx_word' id='word_1_109' title='bbox 711 2097 912 2141; x_wconf 87' lang='lat' dir='ltr'><strong>aversurum</strong></span> <span class='ocrx_word' id='word_1_110' title='bbox 939 2078 1073 2156; x_wconf 86' lang='lat' dir='ltr'><strong>faciem,</strong></span> 
     </span>
     <span class='ocr_line' id='line_1_18' title="bbox 122 2177 1074 2263; baseline -0.001 -19"><span class='ocrx_word' id='word_1_111' title='bbox 122 2198 302 2263; x_wconf 88' lang='lat' dir='ltr'><strong>quousque</strong></span> <span class='ocrx_word' id='word_1_112' title='bbox 328 2178 402 2260; x_wconf 83' lang='lat' dir='ltr'><strong>regi</strong></span> <span class='ocrx_word' id='word_1_113' title='bbox 434 2177 645 2242; x_wconf 89' lang='lat' dir='ltr'><strong>Francomm</strong></span> <span class='ocrx_word' id='word_1_114' title='bbox 674 2197 752 2242; x_wconf 92' lang='lat' dir='ltr'><strong>cum</strong></span> <span class='ocrx_word' id='word_1_115' title='bbox 782 2197 824 2242; x_wconf 92' lang='lat' dir='ltr'><strong>eo</strong></span> <span class='ocrx_word' id='word_1_116' title='bbox 854 2186 1074 2261; x_wconf 84' lang='lat' dir='ltr'><strong>pugnatums</strong></span> 
     </span>
     <span class='ocr_line' id='line_1_19' title="bbox 122 2277 1074 2362; baseline -0.001 -17"><span class='ocrx_word' id='word_1_117' title='bbox 122 2288 335 2345; x_wconf 87' lang='lat' dir='ltr'><strong>occurreret:</strong></span> <span class='ocrx_word' id='word_1_118' title='bbox 370 2277 461 2342; x_wconf 89' lang='lat' dir='ltr'><strong>unde</strong></span> <span class='ocrx_word' id='word_1_119' title='bbox 489 2278 631 2343; x_wconf 84' lang='lat' dir='ltr'><strong>effracto</strong></span> <span class='ocrx_word' id='word_1_120' title='bbox 663 2298 760 2343; x_wconf 92' lang='lat' dir='ltr'><strong>muro</strong></span> <span class='ocrx_word' id='word_1_121' title='bbox 790 2298 808 2343; x_wconf 91' lang='lat' dir='ltr'><strong>e</strong></span> <span class='ocrx_word' id='word_1_122' title='bbox 840 2278 983 2357; x_wconf 90' lang='lat' dir='ltr'><strong>directo,</strong></span> <span class='ocrx_word' id='word_1_123' title='bbox 1013 2300 1074 2362; x_wconf 92' lang='lat' dir='ltr'><strong>per</strong></span> 
     </span>
    </p>

    <p class='ocr_par' dir='ltr' id='par_1_5' title="bbox 47 2375 1075 2565">
     <span class='ocr_line' id='line_1_20' title="bbox 47 2375 1075 2463; baseline 0.003 -21"><span class='ocrx_word' id='word_1_124' title='bbox 47 2429 53 2442; x_wconf 90' lang='lat'>.</span> <span class='ocrx_word' id='word_1_125' title='bbox 83 2375 89 2390; x_wconf 90' lang='lat'>&#39;</span> <span class='ocrx_word' id='word_1_126' title='bbox 122 2388 319 2463; x_wconf 89' lang='lat' dir='ltr'><strong>aperturam</strong></span> <span class='ocrx_word' id='word_1_127' title='bbox 342 2379 481 2457; x_wconf 85' lang='lat' dir='ltr'><strong>factam,</strong></span> <span class='ocrx_word' id='word_1_128' title='bbox 508 2378 608 2463; x_wconf 89' lang='lat' dir='ltr'><strong>cujus</strong></span> <span class='ocrx_word' id='word_1_129' title='bbox 631 2378 732 2443; x_wconf 87' lang='lat' dir='ltr'><strong>lrodie</strong></span> <span class='ocrx_word' id='word_1_130' title='bbox 752 2380 935 2462; x_wconf 87' lang='lat' dir='ltr'><strong>vestigium</strong></span> <span class='ocrx_word' id='word_1_131' title='bbox 960 2388 1075 2445; x_wconf 87' lang='lat' dir='ltr'><strong>osten·</strong></span> 
     </span>
     <span class='ocr_line' id='line_1_21' title="bbox 121 2479 1073 2565; baseline 0.002 -21"><span class='ocrx_word' id='word_1_132' title='bbox 121 2481 224 2559; x_wconf 92' lang='lat' dir='ltr'><strong>ditur,</strong></span> <span class='ocrx_word' id='word_1_133' title='bbox 251 2499 423 2563; x_wconf 86' lang='lat' dir='ltr'><strong>egressus,</strong></span> <span class='ocrx_word' id='word_1_134' title='bbox 448 2481 655 2544; x_wconf 86' lang='lat' dir='ltr'><strong>acceleravit</strong></span> <span class='ocrx_word' id='word_1_135' title='bbox 680 2479 722 2543; x_wconf 89' lang='lat' dir='ltr'><strong>ad</strong></span> <span class='ocrx_word' id='word_1_136' title='bbox 753 2500 859 2558; x_wconf 91' lang='lat' dir='ltr'><strong>mare,</strong></span> <span class='ocrx_word' id='word_1_137' title='bbox 880 2488 1073 2565; x_wconf 90' lang='lat' dir='ltr'><strong>quartoque</strong></span> 
     </span>
    </p>

    <p class='ocr_par' dir='ltr' id='par_1_6' title="bbox 121 2580 1073 2660">
     <span class='ocr_line' id='line_1_22' title="bbox 121 2580 1073 2660; baseline 0.002 -15"><span class='ocrx_word' id='word_1_138' title='bbox 121 2582 198 2646; x_wconf 90' lang='lat' dir='ltr'><strong>idus</strong></span> <span class='ocrx_word' id='word_1_139' title='bbox 216 2581 304 2645; x_wconf 87' lang='lat' dir='ltr'><strong>Maii</strong></span> <span class='ocrx_word' id='word_1_140' title='bbox 324 2583 360 2644; x_wconf 92' lang='lat' dir='ltr'><strong>in</strong></span> <span class='ocrx_word' id='word_1_141' title='bbox 385 2580 635 2645; x_wconf 88' lang='lat' dir='ltr'><strong>Normanniam</strong></span> <span class='ocrx_word' id='word_1_142' title='bbox 656 2581 917 2660; x_wconf 83' lang='lat' dir='ltr'><strong>transfretavit3</strong></span> <span class='ocrx_word' id='word_1_143' title='bbox 940 2582 999 2647; x_wconf 92' lang='lat' dir='ltr'><strong>ubi</strong></span> <span class='ocrx_word' id='word_1_144' title='bbox 1015 2584 1073 2647; x_wconf 80' lang='lat' dir='ltr'><strong>ob</strong></span> 
     </span>
    </p>

    <p class='ocr_par' dir='ltr' id='par_1_7' title="bbox 122 2680 1075 3168">
     <span class='ocr_line' id='line_1_23' title="bbox 122 2680 1072 2760; baseline 0.001 -13"><span class='ocrx_word' id='word_1_145' title='bbox 122 2683 213 2747; x_wconf 85' lang='lat' dir='ltr'><strong>viam</strong></span> <span class='ocrx_word' id='word_1_146' title='bbox 253 2682 383 2747; x_wconf 90' lang='lat' dir='ltr'><strong>habens</strong></span> <span class='ocrx_word' id='word_1_147' title='bbox 418 2680 591 2746; x_wconf 85' lang='lat' dir='ltr'><strong>Joannom</strong></span> <span class='ocrx_word' id='word_1_148' title='bbox 628 2683 767 2747; x_wconf 85' lang='lat' dir='ltr'><strong>fratrem</strong></span> <span class='ocrx_word' id='word_1_149' title='bbox 809 2702 922 2760; x_wconf 91' lang='lat' dir='ltr'><strong>suum,</strong></span> <span class='ocrx_word' id='word_1_150' title='bbox 963 2683 1072 2748; x_wconf 89' lang='lat' dir='ltr'><strong>eidem</strong></span> 
     </span>
     <span class='ocr_line' id='line_1_24' title="bbox 123 2777 1074 2867; baseline 0.002 -22"><span class='ocrx_word' id='word_1_151' title='bbox 123 2783 390 2846; x_wconf 86' lang='lat' dir='ltr'><strong>misericordiam</strong></span> <span class='ocrx_word' id='word_1_152' title='bbox 413 2783 543 2864; x_wconf 88' lang='lat' dir='ltr'><strong>petenti</strong></span> <span class='ocrx_word' id='word_1_153' title='bbox 569 2803 672 2867; x_wconf 90' lang='lat' dir='ltr'><strong>super</strong></span> <span class='ocrx_word' id='word_1_154' title='bbox 695 2777 909 2860; x_wconf 82' lang='lat' dir='ltr'><strong>⁴commissa,</strong></span> <span class='ocrx_word' id='word_1_155' title='bbox 935 2783 1074 2866; x_wconf 88' lang='lat' dir='ltr'><strong>culpam</strong></span> 
     </span>
     <span class='ocr_line' id='line_1_25' title="bbox 123 2882 1072 2966; baseline 0.002 -19"><span class='ocrx_word' id='word_1_156' title='bbox 123 2885 361 2947; x_wconf 91' lang='lat' dir='ltr'><strong>incunctanter</strong></span> <span class='ocrx_word' id='word_1_157' title='bbox 379 2882 602 2966; x_wconf 84' lang='lat' dir='ltr'><strong>indulgendo,</strong></span> <span class='ocrx_word' id='word_1_158' title='bbox 620 2884 685 2947; x_wconf 90' lang='lat' dir='ltr'><strong>boc</strong></span> <span class='ocrx_word' id='word_1_159' title='bbox 700 2883 825 2948; x_wconf 89' lang='lat' dir='ltr'><strong>dicitur</strong></span> <span class='ocrx_word' id='word_1_160' title='bbox 841 2883 1072 2966; x_wconf 88' lang='lat' dir='ltr'><strong>respondisse,</strong></span> 
     </span>
     <span class='ocr_line' id='line_1_26' title="bbox 123 2984 1073 3067; baseline 0.002 -18"><span class='ocrx_word' id='word_1_161' title='bbox 123 2985 288 3049; x_wconf 90' lang='lat' dir='ltr'><strong>‘Utinam</strong></span> <span class='ocrx_word' id='word_1_162' title='bbox 306 2984 395 3067; x_wconf 89' lang='lat' dir='ltr'><strong>apud</strong></span> <span class='ocrx_word' id='word_1_163' title='bbox 421 3005 476 3048; x_wconf 90' lang='lat' dir='ltr'><strong>me</strong></span> <span class='ocrx_word' id='word_1_164' title='bbox 500 2984 664 3048; x_wconf 91' lang='lat' dir='ltr'><strong>delictum</strong></span> <span class='ocrx_word' id='word_1_165' title='bbox 690 2992 785 3048; x_wconf 91' lang='lat' dir='ltr'><strong>tuum</strong></span> <span class='ocrx_word' id='word_1_166' title='bbox 805 2985 840 3047; x_wconf 93' lang='lat' dir='ltr'><strong>in</strong></span> <span class='ocrx_word' id='word_1_167' title='bbox 863 2984 1073 3051; x_wconf 89' lang='lat' dir='ltr'><strong>oblivionem</strong></span> 
     </span>
     <span class='ocr_line' id='line_1_27' title="bbox 123 3084 1075 3168; baseline 0.003 -19"><span class='ocrx_word' id='word_1_168' title='bbox 123 3092 288 3161; x_wconf 89' lang='lat' dir='ltr'><strong>transeat,</strong></span> <span class='ocrx_word' id='word_1_169' title='bbox 305 3086 355 3148; x_wconf 85' lang='lat' dir='ltr'><strong>ita</strong></span> <span class='ocrx_word' id='word_1_170' title='bbox 371 3085 461 3167; x_wconf 93' lang='lat' dir='ltr'><strong>quod</strong></span> <span class='ocrx_word' id='word_1_171' title='bbox 477 3084 570 3167; x_wconf 84' lang='lat' dir='ltr'><strong>apud</strong></span> <span class='ocrx_word' id='word_1_172' title='bbox 587 3093 622 3149; x_wconf 90' lang='lat' dir='ltr'><strong>te</strong></span> <span class='ocrx_word' id='word_1_173' title='bbox 638 3092 837 3168; x_wconf 86' lang='lat' dir='ltr'><strong>permaneat</strong></span> <span class='ocrx_word' id='word_1_174' title='bbox 854 3084 889 3148; x_wconf 91' lang='lat' dir='ltr'><strong>in</strong></span> <span class='ocrx_word' id='word_1_175' title='bbox 909 3088 1075 3153; x_wconf 91' lang='lat' dir='ltr'><strong>memoria</strong></span> 
     </span>
    </p>

    <p class='ocr_par' dir='ltr' id='par_1_8' title="bbox 121 3180 1072 3369">
     <span class='ocr_line' id='line_1_28' title="bbox 122 3180 1072 3269; baseline 0.003 -20"><span class='ocrx_word' id='word_1_176' title='bbox 122 3186 214 3269; x_wconf 93' lang='lat' dir='ltr'><strong>quod</strong></span> <span class='ocrx_word' id='word_1_177' title='bbox 230 3180 381 3250; x_wconf 83' lang='lat' dir='ltr'><strong>fecisti.&#39;⁵</strong></span> <span class='ocrx_word' id='word_1_178' title='bbox 435 3185 639 3263; x_wconf 88' lang='lat' dir='ltr'><strong>Normanni,</strong></span> <span class='ocrx_word' id='word_1_179' title='bbox 654 3187 804 3250; x_wconf 89' lang='lat' dir='ltr'><strong>adventu</strong></span> <span class='ocrx_word' id='word_1_180' title='bbox 825 3187 916 3269; x_wconf 86' lang='lat' dir='ltr'><strong>regis</strong></span> <span class='ocrx_word' id='word_1_181' title='bbox 930 3186 1072 3252; x_wconf 90' lang='lat' dir='ltr'><strong>Ricardi</strong></span> 
     </span>
     <span class='ocr_line' id='line_1_29' title="bbox 121 3286 1072 3369; baseline 0.003 -18"><span class='ocrx_word' id='word_1_182' title='bbox 121 3287 317 3364; x_wconf 85' lang='lat' dir='ltr'><strong>confortati,</strong></span> <span class='ocrx_word' id='word_1_183' title='bbox 349 3286 524 3350; x_wconf 88' lang='lat' dir='ltr'><strong>civitatem</strong></span> <span class='ocrx_word' id='word_1_184' title='bbox 559 3295 849 3369; x_wconf 86' lang='lat' dir='ltr'><strong>recuperaverunt</strong></span> <span class='ocrx_word' id='word_1_185' title='bbox 878 3287 1072 3355; x_wconf 84' lang='lat' dir='ltr'><strong>Ebroicam.</strong></span> 
     </span>
    </p>

    <p class='ocr_par' dir='ltr' id='par_1_9' title="bbox 124 3387 1073 3464">
     <span class='ocr_line' id='line_1_30' title="bbox 124 3387 1073 3464; baseline 0.002 -13"><span class='ocrx_word' id='word_1_186' title='bbox 124 3387 202 3451; x_wconf 85' lang='lat' dir='ltr'><strong>Rex</strong></span> <span class='ocrx_word' id='word_1_187' title='bbox 233 3396 348 3451; x_wconf 89' lang='lat' dir='ltr'><strong>autem</strong></span> <span class='ocrx_word' id='word_1_188' title='bbox 377 3387 600 3464; x_wconf 88' lang='lat' dir='ltr'><strong>Francorum,</strong></span> <span class='ocrx_word' id='word_1_189' title='bbox 628 3388 754 3451; x_wconf 89' lang='lat' dir='ltr'><strong>omissa</strong></span> <span class='ocrx_word' id='word_1_190' title='bbox 782 3387 959 3452; x_wconf 90' lang='lat' dir='ltr'><strong>obsidione</strong></span> <span class='ocrx_word' id='word_1_191' title='bbox 985 3389 1073 3455; x_wconf 89' lang='lat' dir='ltr'><strong>Ver-</strong></span> 
     </span>
    </p>

    <p class='ocr_par' dir='ltr' id='par_1_10' title="bbox 123 3487 1072 3676">
     <span class='ocr_line' id='line_1_31' title="bbox 124 3487 1072 3565; baseline 0.004 -14"><span class='ocrx_word' id='word_1_192' title='bbox 124 3488 218 3565; x_wconf 91' lang='lat' dir='ltr'><strong>nolii,</strong></span> <span class='ocrx_word' id='word_1_193' title='bbox 242 3509 284 3552; x_wconf 91' lang='lat' dir='ltr'><strong>ne</strong></span> <span class='ocrx_word' id='word_1_194' title='bbox 308 3488 512 3553; x_wconf 88' lang='lat' dir='ltr'><strong>revertendo</strong></span> <span class='ocrx_word' id='word_1_195' title='bbox 541 3488 694 3552; x_wconf 88' lang='lat' dir='ltr'><strong>Parisios</strong></span> <span class='ocrx_word' id='word_1_196' title='bbox 721 3487 806 3551; x_wconf 89' lang='lat' dir='ltr'><strong>nihil</strong></span> <span class='ocrx_word' id='word_1_197' title='bbox 832 3487 954 3553; x_wconf 82' lang='lat' dir='ltr'><strong>fecisse</strong></span> <span class='ocrx_word' id='word_1_198' title='bbox 977 3491 1072 3555; x_wconf 88' lang='lat' dir='ltr'><strong>vide·</strong></span> 
     </span>
     <span class='ocr_line' id='line_1_32' title="bbox 123 3588 1072 3676; baseline 0.005 -25"><span class='ocrx_word' id='word_1_199' title='bbox 123 3596 229 3666; x_wconf 90' lang='lat' dir='ltr'><strong>retur,</strong></span> <span class='ocrx_word' id='word_1_200' title='bbox 259 3589 544 3653; x_wconf 88' lang='lat' dir='ltr'><strong>munitiunculam</strong></span> <span class='ocrx_word' id='word_1_201' title='bbox 570 3588 742 3671; x_wconf 89' lang='lat' dir='ltr'><strong>quandam</strong></span> <span class='ocrx_word' id='word_1_202' title='bbox 773 3589 875 3672; x_wconf 92' lang='lat' dir='ltr'><strong>cepit,</strong></span> <span class='ocrx_word' id='word_1_203' title='bbox 905 3590 948 3654; x_wconf 91' lang='lat' dir='ltr'><strong>ad</strong></span> <span class='ocrx_word' id='word_1_204' title='bbox 972 3591 1072 3676; x_wconf 87' lang='lat' dir='ltr'><strong>cnjus</strong></span> 
     </span>
    </p>
   </div>
   <div class='ocr_carea' id='block_1_5' title="bbox 122 3689 1069 3773">
    <p class='ocr_par' dir='ltr' id='par_1_11' title="bbox 122 3689 1069 3773">
     <span class='ocr_line' id='line_1_33' title="bbox 122 3689 1069 3773; baseline 0.001 -20"><span class='ocrx_word' id='word_1_205' title='bbox 122 3690 314 3753; x_wconf 86' lang='lat' dir='ltr'><strong>custodiam</strong></span> <span class='ocrx_word' id='word_1_206' title='bbox 332 3689 488 3773; x_wconf 89' lang='lat' dir='ltr'><strong>deputati</strong></span> <span class='ocrx_word' id='word_1_207' title='bbox 505 3689 642 3753; x_wconf 86' lang='lat' dir='ltr'><strong>suerunt</strong></span> <span class='ocrx_word' id='word_1_208' title='bbox 657 3689 812 3753; x_wconf 91' lang='lat' dir='ltr'><strong>homines</strong></span> <span class='ocrx_word' id='word_1_209' title='bbox 829 3697 964 3755; x_wconf 89' lang='lat' dir='ltr'><strong>tautum</strong></span> <span class='ocrx_word' id='word_1_210' title='bbox 982 3700 1069 3758; x_wconf 88' lang='lat' dir='ltr'><strong>octo.</strong></span> 
     </span>
    </p>
   </div>
   <div class='ocr_carea' id='block_1_6' title="bbox 122 3878 1072 4303">
    <p class='ocr_par' dir='ltr' id='par_1_12' title="bbox 159 3878 1070 3947">
     <span class='ocr_line' id='line_1_34' title="bbox 159 3878 1070 3947; baseline 0.004 -14"><span class='ocrx_word' id='word_1_211' title='bbox 159 3884 165 3912; x_wconf 89' lang='lat'>¹</span> <span class='ocrx_word' id='word_1_212' title='bbox 183 3890 247 3946; x_wconf 85' lang='lat' dir='ltr'><strong>‘pro</strong></span> <span class='ocrx_word' id='word_1_213' title='bbox 259 3883 401 3932; x_wconf 85' lang='lat' dir='ltr'><strong>necessario</strong></span> <span class='ocrx_word' id='word_1_214' title='bbox 412 3879 492 3944; x_wconf 86' lang='lat' dir='ltr'><strong>zclo;’</strong></span> <span class='ocrx_word' id='word_1_215' title='bbox 506 3878 572 3932; x_wconf 79' lang='lat' dir='ltr'><strong>D&#39;A.</strong></span> <span class='ocrx_word' id='word_1_216' title='bbox 609 3883 656 3931; x_wconf 86' lang='lat' dir='ltr'><strong>See</strong></span> <span class='ocrx_word' id='word_1_217' title='bbox 680 3883 765 3945; x_wconf 84' lang='lat' dir='ltr'><strong>Roger</strong></span> <span class='ocrx_word' id='word_1_218' title='bbox 786 3882 815 3931; x_wconf 87' lang='lat' dir='ltr'><strong>ot&#39;</strong></span> <span class='ocrx_word' id='word_1_219' title='bbox 838 3884 989 3947; x_wconf 80' lang='lat' dir='ltr'><strong>wendover,</strong></span> <span class='ocrx_word' id='word_1_220' title='bbox 1010 3888 1070 3937; x_wconf 81' lang='lat' dir='ltr'><strong>with</strong></span> 
     </span>
    </p>

    <p class='ocr_par' dir='ltr' id='par_1_13' title="bbox 156 3950 1071 4021">
     <span class='ocr_line' id='line_1_35' title="bbox 156 3950 1071 4021; baseline 0.003 -18"><span class='ocrx_word' id='word_1_221' title='bbox 156 3953 167 3985; x_wconf 76' lang='lat'><strong>²</strong></span> <span class='ocrx_word' id='word_1_222' title='bbox 181 3956 226 4003; x_wconf 84' lang='lat' dir='ltr'><strong>‘id</strong></span> <span class='ocrx_word' id='word_1_223' title='bbox 236 3950 249 4015; x_wconf 89' lang='lat'><strong>;’</strong></span> <span class='ocrx_word' id='word_1_224' title='bbox 261 3956 300 4004; x_wconf 88' lang='grc' dir='ltr'><strong>Μ.</strong></span> <span class='ocrx_word' id='word_1_225' title='bbox 314 3959 336 4003; x_wconf 88' lang='lat' dir='ltr'><strong>et</strong></span> <span class='ocrx_word' id='word_1_226' title='bbox 349 3953 396 4002; x_wconf 80' lang='lat' dir='ltr'><strong>Ar.</strong></span> <span class='ocrx_word' id='word_1_227' title='bbox 610 3953 670 4002; x_wconf 87' lang='lat' dir='ltr'><strong>Var.</strong></span> <span class='ocrx_word' id='word_1_228' title='bbox 684 3953 795 4002; x_wconf 81' lang='lat' dir='ltr'><strong>Lectos</strong></span> <span class='ocrx_word' id='word_1_229' title='bbox 807 3954 932 4003; x_wconf 86' lang='lat' dir='ltr'><strong>blatthew</strong></span> <span class='ocrx_word' id='word_1_230' title='bbox 947 3955 976 4004; x_wconf 84' lang='lat' dir='ltr'><strong>oi</strong></span> <span class='ocrx_word' id='word_1_231' title='bbox 989 3957 1071 4021; x_wconf 81' lang='lat' dir='ltr'><strong>Paris,</strong></span> 
     </span>
    </p>

    <p class='ocr_par' dir='ltr' id='par_1_14' title="bbox 156 4021 1072 4086">
     <span class='ocr_line' id='line_1_36' title="bbox 156 4021 1072 4086; baseline 0.003 -12"><span class='ocrx_word' id='word_1_232' title='bbox 156 4021 1072 4086; x_wconf 71' lang='lat' dir='ltr'><strong>³‘etsque·’r1erlr.v.125,.r0psa.1ovol.iii.Por</strong></span> 
     </span>
    </p>

    <p class='ocr_par' dir='ltr' id='par_1_15' title="bbox 157 4090 1071 4158">
     <span class='ocr_line' id='line_1_37' title="bbox 157 4090 1071 4158; baseline 0.004 -14"><span class='ocrx_word' id='word_1_233' title='bbox 157 4096 189 4126; x_wconf 78' lang='lat'><strong>⁴‘</strong></span> <span class='ocrx_word' id='word_1_234' title='bbox 182 4097 354 4156; x_wconf 82' lang='lat' dir='ltr'><strong>‘commissis;</strong></span> <span class='ocrx_word' id='word_1_235' title='bbox 357 4093 415 4144; x_wconf 71' lang='lat' dir='ltr'><strong>’ra</strong></span> <span class='ocrx_word' id='word_1_236' title='bbox 610 4090 880 4158; x_wconf 82' lang='lat' dir='ltr'><strong>Richarrl’sliberalily</strong></span> <span class='ocrx_word' id='word_1_237' title='bbox 894 4096 981 4144; x_wconf 89' lang='lat' dir='ltr'><strong>tohim</strong></span> <span class='ocrx_word' id='word_1_238' title='bbox 993 4098 1071 4148; x_wconf 80' lang='lat' dir='ltr'><strong>attha</strong></span> 
     </span>
    </p>

    <p class='ocr_par' dir='ltr' id='par_1_16' title="bbox 122 4166 1070 4303">
     <span class='ocr_line' id='line_1_38' title="bbox 157 4166 1070 4239; baseline 0.003 -24.092"><span class='ocrx_word' id='word_1_239' title='bbox 157 4166 277 4215; x_wconf 68' lang='lat' dir='ltr'><strong>⁵³.llutbr</strong></span> <span class='ocrx_word' id='word_1_240' title='bbox 292 4166 392 4215; x_wconf 79' lang='lat' dir='ltr'><strong>refused</strong></span> <span class='ocrx_word' id='word_1_241' title='bbox 405 4172 429 4215; x_wconf 93' lang='lat' dir='ltr'><strong>to</strong></span> <span class='ocrx_word' id='word_1_242' title='bbox 442 4172 544 4226; x_wconf 80' lang='lat' dir='ltr'><strong>restore,</strong></span> <span class='ocrx_word' id='word_1_243' title='bbox 558 4171 597 4215; x_wconf 87' lang='lat' dir='ltr'><strong>ut.</strong></span> <span class='ocrx_word' id='word_1_244' title='bbox 594 4167 745 4239; x_wconf 79' lang='lat' dir='ltr'><strong>beginning</strong></span> <span class='ocrx_word' id='word_1_245' title='bbox 768 4166 797 4214; x_wconf 86' lang='lat' dir='ltr'><strong>ol</strong></span> <span class='ocrx_word' id='word_1_246' title='bbox 816 4166 855 4215; x_wconf 86' lang='lat' dir='ltr'><strong>his</strong></span> <span class='ocrx_word' id='word_1_247' title='bbox 875 4167 947 4230; x_wconf 87' lang='lat' dir='ltr'><strong>reign</strong></span> <span class='ocrx_word' id='word_1_248' title='bbox 967 4182 1010 4217; x_wconf 81' lang='lat' dir='ltr'><strong>see</strong></span> <span class='ocrx_word' id='word_1_249' title='bbox 1028 4169 1070 4218; x_wconf 79' lang='lat' dir='ltr'><strong>lti-</strong></span> 
     </span>
     <span class='ocr_line' id='line_1_39' title="bbox 122 4220 992 4303; baseline 0.003 -18"><span class='ocrx_word' id='word_1_250' title='bbox 122 4239 176 4286; x_wconf 85' lang='lat' dir='ltr'><strong>tlmt</strong></span> <span class='ocrx_word' id='word_1_251' title='bbox 195 4239 264 4298; x_wconf 83' lang='lat' dir='ltr'><strong>timo,</strong></span> <span class='ocrx_word' id='word_1_252' title='bbox 283 4238 322 4286; x_wconf 84' lang='lat' dir='ltr'><strong>lris</strong></span> <span class='ocrx_word' id='word_1_253' title='bbox 342 4237 416 4286; x_wconf 79' lang='lat' dir='ltr'><strong>lauda</strong></span> <span class='ocrx_word' id='word_1_254' title='bbox 435 4252 462 4286; x_wconf 93' lang='lat' dir='ltr'><strong>or</strong></span> <span class='ocrx_word' id='word_1_255' title='bbox 481 4238 596 4287; x_wconf 85' lang='lat' dir='ltr'><strong>castleu.¹</strong></span> <span class='ocrx_word' id='word_1_256' title='bbox 594 4220 888 4299; x_wconf 83' lang='lat' dir='ltr'><strong>chardoiDovizes,p.</strong></span> <span class='ocrx_word' id='word_1_257' title='bbox 901 4243 926 4299; x_wconf 83' lang='grc'><strong>7,</strong></span> <span class='ocrx_word' id='word_1_258' title='bbox 943 4234 992 4303; x_wconf 77' lang='lat'><strong>§8</strong></span> 
     </span>
    </p>
   </div>
   <div class='ocr_carea' id='block_1_7' title="bbox 0 0 1452 4860">
    <p class='ocr_par' dir='ltr' id='par_1_17' title="bbox 0 0 1452 4860">
     <span class='ocr_line' id='line_1_40' title="bbox 0 0 1452 4860; baseline 0 0"><span class='ocrx_word' id='word_1_259' title='bbox 0 0 1452 4860; x_wconf 95' lang='lat' dir='ltr'><strong> </strong></span> 
     </span>
    </p>
   </div>
  </div>
 </body>
</html>
