2896 4860
323 384 390 449 308
691 399 764 448 nic.
782 399 929 448 rnrvnm

326 557 446 622 audita
462 558 623 642 captione
642 558 770 636 David,
793 557 911 623 comiti
927 556 1123 623 Herfordiae
1147 576 1186 620 se
1203 549 1275 620 ¹de-

327 658 425 736 didit,
447 659 589 741 regique
613 659 780 736 redditus,
804 659 847 723 ad
870 660 992 724 turrim
1015 656 1277 722 Londoniarum

166 770 271 815 aenove
328 759 453 822 missus
474 760 604 823 carceri
620 760 848 841 mancipatur.
902 759 1031 822 Eodem
1055 777 1146 822 anno
1164 765 1279 821 trans·

167 822 308 914 llllhlhblf
329 859 403 923 lata
419 867 472 922 est
489 878 550 941 per
566 879 682 940 regem
699 859 838 922 abbatia
855 858 898 922 de
914 852 1091 923 ²Abercon
1103 857 1147 921 ad
1163 856 1276 921 locum

167 930 258 1063 {iduh
331 959 449 1035 alium,
472 967 775 1042 constructumque
801 967 854 1022 est
878 958 1004 1022 ibidem
1018 951 1098 1042 ³[ad
1123 976 1279 1039 compes·

168 1034 234 1076 Μ’
331 1057 493 1145 cendum]
517 1060 724 1142 irruptiones
741 1058 969 1123 Wallensium
989 1065 1142 1122 castrum
1167 1056 1277 1122 forte:

333 1158 492 1223 fundavit
516 1167 551 1223 et
578 1178 640 1222 rex
663 1160 698 1222 in
725 1159 891 1224 comitatu
919 1159 1063 1224 Cestriae
1086 1157 1190 1220 aliam
1220 1158 1281 1220 ab·

333 1259 463 1322 batiam
485 1258 728 1322 monachorum
750 1259 1042 1334 cisterciensium,
1064 1276 1168 1339 quam
1191 1257 1280 1322 mul-

335 1359 380 1424 tis
403 1359 549 1423 ditatam
574 1359 713 1442 praediis
729 1358 867 1424 Vallem
894 1358 1062 1442 Regalem
1089 1357 1198 1421 voluit
1217 1377 1281 1441 ap·

334 1458 468 1542 pellari.
521 1458 694 1523 Concessa
715 1466 770 1523 est
792 1458 856 1523 hoc
879 1478 971 1523 anno
993 1458 1067 1539 regi
1089 1458 1124 1520 in
1147 1477 1284 1539 guerrae

335 1579 408 1623 snae
440 1559 630 1623 subsidium
661 1579 683 1623 a
714 1559 842 1642 populo
874 1559 1059 1636 tricesima,
1090 1566 1124 1623 et
1147 1578 1169 1622 a
1190 1558 1284 1623 clero

336 1659 500 1723 vicesima
521 1679 603 1742 pars
625 1660 803 1723 bonorum.

173 1772 280 1864 3335„
388 1759 562 1822 Martinus
588 1778 692 1842 papa,
720 1759 916 1824 Guidonem
947 1760 989 1823 de
1012 1758 1232 1823 Monte-sorti
1263 1779 1285 1825 a

172 1873 274 1964 gagga
336 1879 473 1923 carcere
496 1858 657 1937 liberanS,
684 1861 720 1923 in
743 1879 811 1942 qno
842 1881 904 1943 per
926 1858 1132 1940 Gregorium
1156 1880 1284 1943 papam

187 1935 201 1974 ⁷
254 1933 313 1973 ψ’
336 1960 506 2023 decimum
535 1969 677 2042 propter
707 1960 926 2024 homicidium
954 1961 989 2022 in
1021 1959 1166 2023 ecclesia
1190 1979 1286 2024 com·

336 2061 478 2123 missum
511 2059 645 2142 positus
671 2059 796 2136 fuerat,
828 2061 921 2124 misit
950 2060 986 2122 in
1017 2058 1283 2126 Romaniolam:

337 2180 439 2243 quam
463 2179 504 2224 eo
528 2180 619 2224 anno
646 2168 753 2224 totam
780 2161 941 2237 obtinuit,
967 2166 1114 2242 excepta
1142 2161 1285 2225 civitate

338 2260 520 2337 Urbinate,
537 2279 640 2343 quam
659 2260 775 2325 Guido
794 2261 923 2343 incepit
941 2260 1097 2323 obsidere
1119 2260 1154 2323 in
1179 2281 1284 2326 mauu

337 2362 491 2443 potenti3
518 2361 578 2425 sed
594 2354 682 2425 ⁴cito
706 2368 787 2444 post
809 2363 936 2425 omissa
954 2359 997 2424 de
1019 2361 1160 2424 licentia
1183 2380 1285 2445 papae

338 2461 516 2525 obsidione
552 2461 654 2525 dictae
690 2461 799 2538 urbis,
833 2461 869 2524 in
900 2459 1062 2524 Tusciam
1095 2461 1209 2537 rediit,
1245 2467 1285 2525 ut

338 2560 563 2626 hereditatem
580 2561 699 2625 uxoris
724 2581 809 2638 suae,
824 2569 923 2644 patre
940 2560 1015 2645 ejus
1040 2561 1165 2625 comite
1190 2560 1286 2626 Rufo

338 2669 487 2738 mortuo,
511 2669 705 2744 occuparet.
767 2660 913 2726 Carolus
937 2681 999 2725 rex
1024 2660 1150 2724 Siciliae
1175 2660 1287 2743 prima

340 2762 395 2825 die
416 2761 512 2827 Junii
538 2763 632 2827 venit
660 2761 704 2825 ad
727 2761 832 2844 plana
858 2760 1078 2843 Burdogalae,
1101 2761 1288 2827 comitante

340 2881 417 2925 cnm
440 2881 521 2943 rege
545 2863 756 2925 Francorum
779 2881 855 2926 cnm
879 2861 1003 2925 militia
1025 2880 1154 2943 magna
1173 2861 1285 2927 valde.

341 2961 396 3025 De
423 2961 522 3046 cujus
545 2962 697 3026 adventu
726 2961 852 3026 Petrus
883 2961 1054 3044 quondam
1083 2960 1287 3043 Aragonum

341 3081 402 3124 rex
436 3063 672 3143 praemonitus,
701 3061 790 3125 diem
824 3061 1005 3144 praevenit,
1028 3080 1143 3125 coram
1169 3081 1288 3125 aenes-

341 3160 430 3225 callo
464 3161 649 3226 Vaseoniae
675 3169 871 3244 protestans
899 3181 936 3224 se
973 3168 1133 3244 paratum
1170 3169 1287 3227 tenere

341 3270 492 3343 pactum,
519 3263 579 3325 sed
608 3281 675 3325 non
700 3283 811 3344 posse,
843 3281 924 3343 rege
951 3261 1161 3325 Francorum
1189 3262 1285 3327 veni-

341 3369 418 3425 ente
443 3381 520 3425 cum
544 3370 642 3426 tanta
665 3361 884 3426 multitudine
907 3361 1052 3425 militum
1073 3369 1194 3425 contra
1217 3362 1287 3426 sor·

340 3481 442 3525 mam.
505 3460 661 3526 Reverso
688 3461 865 3544 posthaec
898 3460 1024 3525 Carolo
1053 3481 1135 3543 rege
1160 3461 1287 3528 Siciliae

339 3648 466 3709 phemiam
486 3648 584 3695 viscera
605 3648 662 3709 ejus
684 3646 801 3695 incendio
860 3642 1050 3695 ’‘Abercorun
1068 3645 1093 3706 3'
1117 3647 1177 3695 Cod.
1201 3648 1286 3710 Reg.:

339 3716 537 3767 suntcrematu!
825 3716 1000 3774 ‘Albercon3'
1022 3714 1069 3766 Ar.
1086 3720 1151 3765 220:
1178 3718 1286 3768 ‘Alben-

375 3791 400 3836 4.
417 3789 504 3838 ‘Quia
515 3787 541 3834 in
553 3787 669 3848 pluribus
677 3785 740 3834 locis
749 3785 801 3833 An·
824 3787 930 3844 torum;'
947 3785 1029 3834 M:
1047 3787 1141 3835 butsor
1157 3802 1243 3837 names
1261 3790 1290 3838 ol

340 3859 399 3919 gliae
419 3862 521 3905 mortem
533 3856 627 3904 donnini
639 3857 707 3918 regis
718 3854 801 3904 suerat
825 3857 912 3916 places
933 3854 1093 3917 D'Achery'a
1109 3857 1203 3906 edition
1222 3860 1245 3907 is
1259 3861 1286 3908 in

339 3927 507 3985 machinatus,
518 3926 673 3974 membratim
690 3932 729 3974 eat
743 3940 801 3987 par·
826 3926 927 3987 general
939 3927 1074 3974 valueless.

337 4000 400 4047 titus
416 4003 442 4045 et
461 4011 507 4059 per
525 3997 627 4045 climata
645 3996 747 4057 angliae
767 3995 801 4045 ad
861 3994 871 4023 ³
888 3996 970 4044 These
986 3996 1071 4044 worda
1093 4011 1136 4046 are
1156 3997 1219 4047 from
1237 3996 1286 4050 Ar.

337 4075 454 4118 terrorem
474 4066 666 4128 malignantium
688 4067 800 4115 destina·
827 4064 1287 4130 Cod.lteg.hae‘contrairrnptionee.’

337 4133 396 4187 tus?
860 4134 949 4185 “sed
967 4137 1018 4186 cito
1032 4139 1236 4197 postcommiasa
1247 4139 1287 4188 di-

372 4206 380 4238 ¹
397 4201 509 4267 ‘dedit;’
522 4205 590 4257 D'A.
602 4210 626 4256 et
637 4205 684 4255 Ar.
696 4209 754 4256 220.
825 4205 931 4267 ligantia
941 4203 1016 4268 pepe
1026 4202 1042 4265 ;’
1055 4205 1102 4257 Ar.
