2896 4860
579 412 763 461 sumanus.
1084 400 1148 463 aet

192 568 362 633 successit
378 568 558 634 Walterns
574 588 759 651 germanus
780 570 955 654 ejusdem:
980 591 1049 654 quo
1072 579 1148 636 tan·

191 665 269 731 dem
297 668 372 733 sine
400 668 523 733 herede
549 668 724 748 defuncto,
738 664 928 735 ¹hereditas
954 671 1031 755 ejus
1058 673 1148 737 inter

192 767 346 851 quinque
369 787 525 834 sororum
547 768 649 842 filios,
667 769 709 834 de
727 771 851 853 quibus
874 791 980 854 supra
1002 774 1148 837 mentio-

193 886 271 931 nem
303 868 457 946 fecimus,
483 877 537 934 est
566 869 689 935 divisa.
746 869 844 935 Obiit
874 891 973 936 soror
1000 870 1146 937 Arthuri

192 965 360 1033 Alienum
374 970 466 1052 apud
483 970 707 1049 Baistollum3
731 971 790 1034 nbi
812 990 889 1036 cum
909 973 1009 1035 annis
1027 974 1145 1037 multis

191 1068 346 1133 celibem
360 1071 466 1135 vitam
486 1069 657 1147 duxisset,
675 1070 813 1135 tandem
835 1073 1002 1136 moritura
1019 1092 1145 1156 corpus

190 1187 292 1233 annm
309 1168 401 1234 inter
414 1170 693 1235 sanctimoniales
709 1164 959 1238 ²Ambresbirae
975 1173 1144 1255 sepelien-

190 1267 273 1333 dnm
289 1268 438 1351 legerim
455 1270 580 1353 quibus
597 1277 643 1346 et,
654 1279 828 1336 annuente
842 1292 935 1354 rege,
953 1274 1143 1337 manerium

187 1366 232 1432 de
254 1367 466 1435 Melkisham
482 1389 559 1434 cnm
578 1371 795 1454 pertinentiis
811 1373 883 1436 suis
900 1372 1003 1437 dedit.

239 1856 449 1934 limantium,
475 1857 566 1940 regis
593 1858 730 1941 Angliee
760 1858 879 1937 frater,
908 1879 986 1922 cum
1018 1862 1142 1927 comite

186 1957 366 2025 Willelmo
398 1958 441 2023 de
469 1957 710 2041 Longa-spata
740 1961 926 2023 revertitur
960 1960 1002 2024 de
1033 1962 1142 2027 Terra

185 2057 327 2125 Sancta.
379 2058 587 2137 Lodovicus,
616 2060 828 2123 Francorum
854 2080 930 2137 rex,
953 2059 1138 2142 Hugonem

185 2160 346 2225 comitem
381 2159 561 2236 Marchiee,
603 2160 663 2242 qni
696 2167 839 2224 matrem
872 2161 965 2243 regis
1002 2160 1139 2243 Angliae

185 2258 335 2324 duxerat
354 2259 388 2321 in
412 2278 569 2336 uxorem,
587 2258 764 2324 infestavit
785 2269 925 2343 propter
942 2261 1139 2343 homagium

185 2358 334 2425 Alfonso
353 2358 551 2424 Pictavensi
573 2360 690 2423 comiti
707 2359 926 2442 denegatum.
980 2360 1022 2424 In
1038 2363 1138 2446 cujus
1150 2392 1226 2432 iro„
1235 2395 1259 2432 01

183 2460 376 2524 subsidium
412 2459 640 2523 transfretans
673 2459 849 2524 Henricus
892 2481 953 2524 rex
985 2461 1137 2543 Angliee,
1151 2444 1245 2483 ⁹⁰¹⁰¹⁰¹¹‘

183 2579 345 2625 unacum
366 2559 517 2624 Ricardo
534 2561 641 2624 fratre
657 2579 734 2633 suo,
755 2559 982 2625 Coruubiensi
1000 2565 1136 2641 comite,

182 2660 455 2742 comitatumque
473 2659 640 2724 Pictaviae
663 2680 706 2725 ex
726 2661 911 2725 donatione
935 2664 1044 2743 patris
1062 2664 1136 2727 vin·

182 2759 333 2838 dicante,
359 2760 465 2844 juxta
483 2753 688 2824 ³Xantonas
717 2780 795 2824 cum
820 2780 901 2842 rege
925 2762 1136 2846 Francorum

182 2878 336 2945 pugnam
366 2860 548 2923 commisit.
600 2858 734 2925 Videns
756 2881 838 2925 vero
863 2861 1088 2927 Pictavenses
1116 2884 1137 2927 a

182 2980 222 3025 se
237 2960 396 3037 delicere,
412 2979 557 3042 quornm
579 2959 704 3024 fiducia
723 2961 766 3025 ad
785 2969 901 3044 partes
922 2963 1000 3026 illas
1019 2982 1135 3028 acces·

182 3068 288 3138 serat,
304 3060 425 3144 praelio
447 3080 485 3124 se
507 3060 725 3138 subtrahens,
742 3063 777 3125 in
795 3070 910 3127 castro
925 3064 1014 3145 quod
1032 3058 1135 3128 *Bla-

183 3162 277 3227 vium
299 3160 425 3225 dicitur
451 3180 489 3224 se
515 3161 656 3243 recepit.
710 3162 837 3226 Urbem
865 3183 1012 3246 namque
1036 3164 1135 3229 Xan-

182 3270 285 3329 tonas
322 3259 407 3348 (sibi
437 3260 577 3325 infidam
617 3264 854 3344 praesentiam,
897 3271 1019 3346 utpote
1057 3286 1135 3347 quae

179 3361 299 3429 statim
316 3369 396 3445 post
412 3380 564 3444 pugnam
583 3363 656 3442 regi
673 3362 882 3428 Francorum
899 3382 937 3426 se
951 3358 1135 3450 ⁵reddidit)

180 3462 317 3545 ingredi
353 3461 537 3527 recusavit.
602 3454 776 3546 ⁶[Cecidit
806 3464 842 3526 iu
885 3462 950 3527 hoc
984 3466 1133 3530 tumultu

216 3661 224 3695 ¹
241 3663 387 3715 ‘hereditas
397 3665 454 3727 ejus
465 3657 645 3725 amplissimas
672 3663 767 3712 dictiue
783 3678 896 3725 nunnery
912 3664 942 3713 of
959 3665 1135 3727 Fontevreud;

179 3738 229 3789 ⁴⁶
674 3732 996 3853 ”llllltlllssllll
1034 3810 1057 3854 «ι
1087 3804 1126 3855 Α,

213 3874 427 3936 Ἀωδηιδυη,
444 3888 473 3923 οι·
492 3873 648 3935 Amesbnry,
672 3874 782 3933 Saintes,
805 3874 832 3922 ln
861 3840 913 3922 the.
930 3873 1088 3937 department
1110 3841 1139 3925 oi

179 3950 206 3998 in
219 3947 363 3997 Wlltshire.
398 3946 453 3993 'l'he
469 3950 578 3994 convent
594 3958 648 3994 was
673 3942 955 3995 elimenteinierieum.

178 4017 292 4069 founded
300 4017 335 4078 by
345 4014 458 4074 Elfridm
470 4015 575 4075 bnt‚the
583 4029 649 4063 nuns
707 4012 717 4045 ⁴
729 4010 902 4075 ‘Blendium'
911 4015 1030 4065 attelae
1046 4017 1136 4079 Blaye,

178 4088 274 4152 having
286 4089 352 4137 been
363 4084 484 4147 expelled
497 4085 524 4132 in
535 4085 577 4133 the
588 4085 649 4134 time
674 4087 699 4134 in
711 4086 752 4134 the
764 4086 923 4147 department
933 4085 962 4135 oi
971 4087 1092 4136 Gironde.

170 4160 208 4209 ‚oi
224 4160 317 4220 Hanry
334 4156 374 4205 11.
396 4168 447 4204 mu.
468 4158 543 4216 11⁷⁷,
558 4157 579 4203 it
595 4170 650 4205 was
709 4152 883 4216 '‘reddenm’
897 4158 934 4205 M.

178 4230 252 4280 nme
268 4243 329 4279 oter
345 4225 557 4276 esacelltotlre
571 4226 651 4275 Bene·
709 4223 893 4276 ‘'l'hisclause
906 4225 1002 4275 islrom
1015 4228 1052 4276 M.
