2896 4860
564 421 749 472 annaeus.
1091 408 1136 473 85

180 579 253 643 lum
271 586 306 643 et
328 579 487 644 licentius
511 582 673 661 evaserit,
699 583 902 666 periculum,
927 584 1019 666 quod
1046 585 1260 653 interranu-

179 698 349 762 pnuperes
368 699 460 744 nunc
476 689 644 759 versatur,
668 684 796 749 nostris
819 685 854 747 iu
879 685 1038 765 proximo
1060 705 1132 749 cer·
1146 664 1293 764 miller-

182 780 316 844 vicibus
331 780 533 846 imminebit.
576 781 732 847 Ecclesia
743 783 1016 867 jurisdictionem
1035 804 1132 849 suam
1145 765 1214 805 Μ’·

181 881 278 962 prius
296 888 470 958 exerceat,
487 888 522 946 et
535 881 565 945 si
586 883 647 946 illa
669 902 738 946 non
762 882 900 961 sufficit,
919 885 1000 969 ejus
1010 886 1134 969 imper-

180 979 307 1044 fectum
336 981 497 1064 suppleat
525 982 661 1063 gladius
690 983 878 1049 saecularis.
936 985 1055 1068 Hujus
1085 986 1134 1050 rei

181 1081 372 1145 auctoritas
393 1100 439 1145 ex
466 1081 599 1165 synodo
626 1083 760 1147 Urbani
783 1103 897 1168 papae,
924 1104 968 1148 ex
996 1084 1133 1149 decreto

183 1179 358 1263 Gregorii,
379 1200 424 1245 ex
447 1182 593 1264 epistola
619 1182 782 1247 Nicbolai
804 1185 974 1267 episcopis
998 1183 1133 1249 Gallia·

183 1300 271 1358 rum,
290 1274 351 1345 ¹ex
367 1281 513 1346 concilio
531 1283 635 1347 etiam
651 1283 796 1348 Martini
811 1304 925 1367 papae,
939 1291 974 1349 et
989 1305 1034 1348 ex
1051 1304 1133 1374 con-

181 1382 261 1446 cilio
276 1380 542 1463 Carthaginensi
560 1384 676 1462 tertio,
691 1392 726 1448 et
741 1404 786 1448 ex
802 1385 920 1448 multis
936 1392 1132 1449 sanctorum

182 1488 321 1564 patrum
348 1482 622 1547 institutionibus
646 1485 832 1549 emanavit.
885 1484 961 1549 Nec
986 1484 1133 1564 dicatur,

182 1582 275 1665 qnod
293 1581 418 1664 aliquis
434 1581 487 1645 bis
502 1584 667 1664 puniatur
680 1593 822 1667 propter
837 1584 902 1649 hoc
918 1586 953 1648 in
972 1585 1133 1668 idipsum,

182 1701 246 1747 nec
262 1683 352 1746 enim
372 1682 533 1747 iteratum
552 1691 617 1758 est,
641 1684 731 1766 quod
751 1686 795 1748 ab
819 1697 897 1749 uno'
910 1685 1083 1768 incipitur,
1099 1696 1135 1751 et

179 1783 226 1846 ab
252 1784 363 1848 altero
392 1791 660 1848 consummatur.
713 1784 794 1848 Duo
817 1792 899 1849 sunt
926 1785 1045 1867 gladii,
1073 1787 1133 1869 qui

181 1891 339 1948 mutuum
366 1900 388 1947 a
409 1901 447 1948 se
468 1883 664 1949 mendicant
686 1884 868 1962 auxilium,
890 1892 995 1968 atque
1011 1886 1055 1949 ad
1080 1888 1133 1950 in·

179 1983 292 2048 vicem
315 1984 381 2047 sibi
404 1985 495 2047 vires
517 1983 761 2066 impertiuntur
784 1984 947 2062 alternas,
973 1986 1134 2051 sacerdo·

180 2085 268 2148 tium
284 2085 423 2167 regibus
437 2091 473 2147 et
486 2084 722 2148 sacerdotibus
739 2103 894 2166 regnum.
928 2085 1029 2150 Unde
1044 2087 1074 2148 si
1089 2087 1134 2150 ab

181 2185 292 2249 altero
314 2184 497 2267 suppletur
518 2183 660 2248 alterius
683 2183 935 2263 insufficientia,
957 2205 1025 2250 non
1042 2186 1135 2251 vide·

183 2292 241 2349 tur
254 2285 384 2367 duplex
404 2284 565 2349 contritio
583 2291 617 2348 et
633 2285 768 2367 punitio
782 2285 988 2351 combinata.
1040 2286 1134 2350 Nam

180 2394 217 2449 et
239 2384 291 2449 illi
321 2386 381 2468 qui
413 2386 457 2449 ad
488 2385 609 2449 mortis
636 2386 829 2467 patibulum
859 2394 940 2450 sunt
966 2385 1133 2463 damnati,

176 2485 284 2570 juxta
302 2485 568 2568 Mogontinense
586 2485 780 2560 concilium,
798 2492 982 2568 antequam
1000 2485 1042 2548 ad
1061 2495 1133 2550 tor·

181 2593 299 2650 menta
313 2586 495 2663 ducantur,
514 2605 576 2668 per
589 2584 703 2649 cordis
716 2585 955 2650 contritionem
974 2593 1008 2649 et
1023 2587 1134 2668 poeni·

180 2686 326 2752 tentiam
348 2684 574 2769 spiritualiter
595 2687 795 2770 puniuntur,
818 2705 880 2749 nec
896 2685 1133 2769 duplicitatem

180 2787 399 2851 contritionis
421 2786 553 2850 inducit
567 2807 576 2867 3
603 2787 663 2850 sed
680 2787 839 2869 quaedam
855 2786 1064 2868 praeparatio
1081 2794 1135 2851 est

180 2885 225 2952 ad
241 2893 387 2951 mortem
401 2879 634 2969 ²poenitentia,
650 2895 685 2951 et
699 2886 935 2951 satisfactione
952 2905 1030 2969 quae
1045 2905 1135 2969 prae·

180 2987 285 3052 cedit.
330 2987 552 3052 ‘Reddentes
575 2987 682 3069 igitur
705 2988 784 3052 Duo
800 3006 879 3068 quae
896 2987 967 3049 Det
987 2994 1081 3060 sunt,
1098 2995 1134 3050 et

179 3106 260 3170 qnae
283 3087 434 3152 Caesaris
460 3081 633 3165 Caesari,’³
651 3087 758 3172 juxta
779 3086 980 3170 petitionem
1004 3087 1133 3150 domini

180 3187 287 3270 regis,
316 3188 348 3253 ei
376 3194 550 3252 tantorum
578 3188 766 3252 vindictam
797 3206 1001 3251 excessuum
1030 3187 1132 3250 relin-

180 3307 338 3372 quamus.
392 3287 477 3352 Reis
494 3295 609 3352 autem
632 3289 668 3351 in
691 3287 812 3352 mortis
835 3287 982 3351 articulo
1004 3287 1133 3351 consti·

181 3388 279 3466 tutis,
294 3388 376 3471 quia
393 3389 599 3453 sententiam
617 3388 680 3452 lati
698 3387 840 3452 canonis
857 3387 1085 3464 incurrerunt,
1103 3387 1133 3451 si

180 3488 433 3552 absolutionem
455 3489 720 3572 postulaverint,
744 3488 829 3551 etin
851 3486 917 3551 hoc
933 3487 1018 3551 etin
1042 3487 1132 3562 aliis,

176 3595 350 3672 quantum
366 3608 549 3673 possumus
566 3589 640 3652 sine
655 3587 821 3652 scandalo
838 3595 873 3652 et
888 3588 963 3651 sine
980 3587 1133 3669 periculo

180 3688 348 3767 ecclesiae,
386 3688 609 3752 humanitatis
646 3688 825 3753 consilium
868 3686 1133 3751 misericorditer

180 3789 432 3872 impendamus.
484 3787 628 3852 Publice
646 3807 794 3876 namque
813 3789 968 3864 interest,
986 3794 1026 3851 ut
1042 3780 1133 3850 ⁴ma·

181 3889 295 3955 teriali
312 3889 428 3970 gladio
445 3887 682 3967 cohibeantur,
698 3890 757 3971 qui
780 3907 843 3952 nec
866 3888 979 3952 Dnuu
999 3887 1133 3964 timent,

218 4090 305 4143 'This
327 4093 414 4144 clause
440 4095 464 4142 is
489 4094 593 4143 omitted
619 4095 645 4143 in
705 4091 995 4144 ⁸S.Matth.xxii.tll.

181 4159 251 4263 vll
259 4234 357 4297 previa
368 4231 541 4298 poenitentium¹
560 4231 627 4285 ΠΛ.
707 4232 716 4262 ⁴
733 4235 858 4284 ‘naturali
867 4229 882 4296 ς’
896 4234 965 4284 D’A.
