2896 4860
165 587 289 640 memma

165 690 249 738 ιιιιιίιῑ

166 740 273 781 Edw'rnrd

165 790 259 830 cmlalto

165 841 273 882 Scotlattnl

327 402 393 468 380
681 420 752 469 uro.
775 418 923 467 unrvaur

328 597 397 642 non
416 579 510 643 venit
526 598 569 644 ex
588 579 716 658 debito,
740 580 801 645 sed
818 600 863 644 ex
884 578 998 662 gratia
1013 577 1166 662 speciali
1219 575 1281 641 In-

328 685 444 762 super,
466 699 528 762 pro
548 681 649 744 terris
669 681 712 744 de
736 680 883 745 Tindala
903 688 940 744 at
955 679 1125 744 Peurith'
1116 699 1152 742 m
1169 697 1279 760 reguo

329 778 467 862 Angliae
490 782 625 863 positis,
648 800 726 845 cnm
750 801 810 845 rex
838 781 964 845 Scotiae
990 779 1034 844 ad
1059 779 1280 863 praesentiam

329 881 420 962 rogis
448 880 587 963 Angliae
613 901 651 944 se
675 881 901 965 personaliter
922 880 1139 956 contulisset,
1168 877 1279 943 eidem

328 981 561 1046 fidelitatem
552 1001 768 1064 impensurus
790 1001 854 1064 pro
876 981 995 1045 iisdem
1019 981 1120 1045 terris
1143 985 1279 1044 tautum

328 1081 364 1144 in
394 1081 525 1163 Anglia
555 1083 643 1158 sitis,
679 1101 749 1146 non
783 1092 822 1147 ut
850 1102 912 1147 rex
946 1081 1086 1158 Scotiae,
1120 1098 1184 1144 nee
1215 1100 1280 1163 pro

329 1202 435 1263 regno
451 1182 588 1261 scotiae,
609 1182 809 1247 fidelitatem
828 1182 970 1246 eandem
987 1180 1170 1260 exhibuit3
1196 1180 1280 1263 quia

328 1283 443 1364 palam
460 1302 572 1347 coram
591 1283 719 1367 populo
736 1289 964 1366 protestatum
985 1290 1073 1360 erat,
1097 1279 1189 1365 quod
1215 1301 1283 1364 pro

329 1403 436 1465 reguo
464 1384 591 1448 Scotiae
621 1383 821 1448 fidelitatem
854 1383 1004 1467 aliquam
1037 1382 1110 1464 regi
1138 1380 1280 1464 Angliae

329 1482 442 1548 facere
467 1505 536 1548 non
557 1484 715 1548 debebat.
768 1483 870 1560 Item,
895 1481 987 1567 qnod
1008 1482 1194 1566 praedictus
1216 1502 1279 1546 rex
1342 1536 1346 1541 .

330 1582 530 1648 Alexander
568 1584 706 1665 reliquit
746 1584 896 1666 puellam
931 1582 1103 1661 heredem,
1140 1583 1279 1646 nomine

332 1682 581 1766 Margaretam,
615 1691 752 1767 neptem
793 1684 885 1766 regis
917 1681 1070 1766 Angliae,
1104 1691 1186 1747 tunc
1217 1683 1282 1746 mi-

331 1785 424 1847 noris
446 1785 579 1849 aetatis:
605 1784 704 1868 cujus
726 1783 884 1848 custodia
906 1804 974 1848 non
1000 1784 1044 1847 ad
1065 1803 1180 1865 regem
1203 1780 1278 1846 An·

331 1884 424 1966 gliae,
454 1884 547 1948 volut
577 1884 622 1947 ad
651 1883 826 1948 domiuum
855 1904 1065 1967 supremum,
1098 1884 1279 1966 pervenit3

331 1984 391 2047 sed
418 1983 461 2048 ad
492 1978 619 2049 ¹certos
645 1984 797 2069 ejusdem
829 1985 926 2067 regni
952 1984 1078 2050 Scotiae
1109 1997 1281 2068 proceres,

332 2085 374 2149 ad
395 2083 458 2148 hoc
481 2085 619 2150 electos
673 2085 868 2167 Redarguit
889 2085 992 2149 etiam
1013 2085 1171 2150 domiuus
1188 2103 1282 2167 papa

334 2204 462 2266 regem,
490 2185 659 2269 eoquod,
691 2193 770 2267 post
803 2192 948 2249 mortem
979 2185 1063 2249 dicti
1089 2183 1281 2250 Alexandri

207 2287 212 2297 '
333 2285 437 2366 regis,
463 2285 586 2350 Scotos
613 2294 776 2369 tauquam
808 2285 993 2367 acephalos
1022 2294 1058 2350 et
1086 2285 1183 2349 ducis
1210 2284 1283 2348 suf-

331 2385 479 2467 fragium
508 2406 576 2450 non
605 2385 782 2463 habenteS,
807 2386 901 2468 ipsos
928 2406 990 2469 per
1016 2387 1085 2450 vim
1107 2387 1173 2449 sibi
1199 2387 1282 2449 sub·

327 2485 468 2570 jugavit
497 2493 532 2550 et
568 2494 708 2563 metum,
747 2487 782 2549 iu
816 2486 1054 2570 praejudicium
1086 2494 1122 2551 et
1155 2505 1282 2569 grava·

333 2605 410 2650 men
441 2606 510 2650 non
541 2586 712 2651 modicum
747 2586 916 2651 Romanae
950 2587 1114 2651 ecclesiae.
1182 2585 1282 2672 Adji-

333 2687 438 2763 ciens,
471 2686 563 2767 quod
595 2705 672 2750 cum
707 2687 863 2750 dominus
893 2707 984 2770 papa
1013 2686 1161 2751 officium
1188 2686 1284 2769 lega·

334 2788 439 2852 tionis
471 2786 577 2850 alicui
607 2788 793 2851 committit
820 2787 1076 2870 exsequendum
1108 2788 1144 2851 iu
1174 2807 1282 2870 regno

335 2884 487 2969 Angliae,
510 2907 616 2951 causa
642 2887 824 2951 solutionis
846 2887 999 2964 deoimae,
1016 2888 1070 2952 vel
1093 2889 1197 2952 etiam
1219 2908 1283 2971 pro

336 2989 460 3071 quavis
487 2987 556 3051 alia
583 3006 690 3051 causa
716 2988 924 3065 rationabili,
949 2995 984 3052 at
1014 2987 1210 3071 hujusmodi
1233 2989 1281 3052 le·

336 3089 432 3170 gatio
455 3087 578 3150 litteris
599 3095 634 3151 et
652 3087 834 3170 privilegio
854 3088 996 3171 speciali
1019 3088 1120 3153 dictae
1143 3097 1285 3170 aposto·

337 3188 411 3251 licae
437 3187 527 3251 sedis
548 3185 591 3250 ad
614 3188 742 3251 dictum
762 3208 904 3271 regnum
924 3189 1050 3252 Scotiae
1072 3209 1110 3252 se
1132 3209 1200 3254 non
1224 3209 1282 3254 ex·

337 3287 460 3362 tendit,
483 3287 706 3351 resistendum
734 3296 788 3352 est
808 3297 844 3352 et
864 3290 1071 3353 obstandum
1088 3289 1285 3373 hujusmodi

337 3387 527 3469 legationi3
566 3395 670 3469 prout
705 3394 858 3470 tempora
895 3388 1004 3453 felicis
1038 3390 1286 3454 recordatiouis

338 3487 483 3552 Adriani
509 3487 656 3569 contigit
679 3488 864 3553 evidenter.
918 3489 1010 3554 Nam
1043 3489 1180 3572 legatus
1210 3491 1285 3574 ipse

338 3589 380 3652 ad
414 3588 597 3671 praelatum
629 3608 772 3670 regnum
815 3588 941 3653 Scotiae
972 3590 1190 3672 aliquatenus
1223 3590 1284 3654 ad·

337 3690 463 3753 missus
488 3709 558 3753 non
584 3689 731 3765 exstitit,
759 3689 867 3752 donec
896 3709 958 3771 per
982 3689 1116 3754 litteras
1146 3698 1286 3773 aposto-

338 3790 422 3853 licas
452 3790 621 3872 speciales
654 3789 720 3852 sibi
752 3789 937 3871 legationis
968 3788 1116 3853 officium
1148 3791 1214 3855 snit
1248 3793 1284 3855 in

337 3891 457 3955 eodem
479 3891 709 3954 commissum.
764 3889 896 3953 Iterum
913 3889 1057 3967 addidit,
1077 3891 1170 3973 quod
1194 3890 1285 3956 idem

338 4011 479 4072 regnum
506 4010 567 4072 per
594 3990 684 4052 beati
706 3988 802 4052 Petri
828 3991 977 4072 apostoli
998 3991 1212 4054 venerandas
1232 4011 1286 4055 re·

375 4216 382 4246 ¹
398 4220 461 4268 'l'lris
472 4218 543 4268 word
554 4219 576 4267 is
588 4217 650 4267 lrom
663 4217 701 4266 M.
712 4218 762 4267 and
773 4217 821 4267 Ar.
834 4221 897 4266 220:
918 4218 978 4266 Cod.
994 4218 1057 4278 ch.
1069 4216 1116 4265 has
1126 4217 1134 4245 ‘
1144 4210 1258 4266 eeteros!
