2896 4860
530 412 715 460 aurnuns.
1031 401 1098 465 313

150 568 325 652 pignorati
359 588 474 632 coram
499 568 675 652 judicibus
707 568 889 633 convenire
919 569 1095 648 voluisset,
1108 587 1247 628 aaaron

150 669 208 731 ille
246 669 452 752 respondere
491 663 632 746 ¹noluit,
682 667 899 751 praetendens
939 669 1094 734 chartam
1108 638 1226 678 ΜΝ

150 769 243 851 regis
267 770 437 852 quondam
461 769 618 846 Henrici,
641 788 710 851 qua
731 769 796 832 sibi
819 768 988 833 indultum
1016 770 1095 848 fuit,

151 888 194 932 ne
222 888 336 933 coram
350 868 466 952 judice
494 868 622 950 aliquo,
646 887 789 951 corpore
815 869 907 950 regis
936 878 1094 952 excepto,

151 968 185 1031 in
204 968 374 1052 judicium
392 967 481 1033 trahi
498 970 619 1051 possit.
672 967 777 1032 Miles
798 987 902 1050 super
919 967 984 1034 hoc
1005 989 1094 1034 anx·

152 1069 206 1131 ius
237 1068 447 1133 Vasconiam
479 1068 573 1141 adiit,
601 1075 640 1131 ut
668 1088 772 1151 super
799 1067 908 1132 hoca
933 1089 1014 1151 rege
1041 1090 1095 1135 re·

150 1168 298 1232 medium
331 1166 470 1250 aliquod
502 1169 713 1250 impetraret.
783 1166 886 1246 Quod
919 1188 996 1233 cum
1031 1191 1094 1236 rex

151 1261 444 1345 ²audisset,‘N0n
461 1267 581 1346 decet,'
595 1269 720 1350 inquit,
737 1266 844 1331 ‘filios
856 1268 1095 1335 factairritare

151 1375 343 1450 parentum,
369 1369 493 1450 quibus
515 1368 591 1449 lege
614 1367 733 1432 divina
749 1367 917 1451 jubentur
934 1390 1093 1434 reveren-

150 1467 234 1531 tiam
266 1467 450 1544 exhibere;
482 1477 622 1551 propter
652 1468 743 1551 quod
760 1462 870 1532 ³facta
892 1470 999 1551 patris
1027 1472 1094 1535 mei

149 1588 310 1633 revocare
334 1588 402 1632 non
428 1567 584 1633 decrevi:
608 1568 668 1631 sed
692 1568 754 1633 tibi
780 1568 971 1651 ceterisque
987 1571 1095 1634 omni-

149 1668 213 1731 bus
248 1669 345 1750 regni
376 1668 443 1731 mei
472 1688 573 1750 aequa
603 1668 692 1750 lege,
722 1689 764 1732 ne
791 1668 905 1750 potior
937 1670 1095 1735 videatur

147 1767 170 1830 J
175 1768 293 1831 udaeus
308 1788 411 1851 quam
428 1766 656 1846 Christianus,
670 1768 843 1850 indulgeo,
867 1788 909 1831 ne
929 1789 991 1851 pro
1007 1789 1093 1852 qua·

150 1887 295 1950 cumque
312 1868 362 1930 illi
379 1867 402 1933 J
407 1867 506 1931 udaeo
524 1868 621 1932 illata
637 1869 774 1952 injuria,
793 1868 956 1951 quamdiu
972 1868 1093 1935 charta

147 1986 210 2030 sua
236 1968 386 2050 gaudere
418 1968 576 2043 voluerit,
605 1988 719 2032 coram
739 1968 856 2052 jndice
884 1968 1014 2052 aliquo,
1037 1991 1092 2035 me

148 2075 307 2151 excepto,
319 2068 492 2132 conveniri
505 2065 669 2151 possitis!
707 2067 919 2132 Revertente
932 2089 1011 2132 cum
1026 2069 1092 2135 hoc

92 2228 98 2237 ,
147 2168 328 2250 privilegio
352 2167 470 2244 milite,
504 2167 686 2232 attendens
714 2167 859 2231 Judaeus
885 2168 952 2231 sibi
980 2169 1091 2233 immi-

147 2287 227 2331 nere
266 2267 427 2331 damnum
466 2275 501 2332 et
540 2269 740 2350 periculum,
779 2274 969 2350 spontanec
1018 2289 1090 2334 suae

148 2366 276 2431 chartae
302 2368 490 2444 renuntiat,
523 2376 648 2450 optans
675 2376 716 2432 ut
747 2375 917 2432 evacuata
946 2368 1093 2432 conditi-

147 2486 212 2530 one
230 2468 413 2550 privilegii,
429 2486 511 2550 pars
531 2475 677 2552 utraque
698 2468 767 2549 legi
789 2466 960 2531 communi
976 2470 1093 2534 valeat

145 2567 334 2651 subjacere.

194 2667 262 2731 Die
294 2667 455 2751 quadam,
483 2688 560 2732 cum
593 2688 651 2732 rex
680 2675 716 2732 et
740 2668 859 2750 regina
888 2669 923 2732 in
954 2688 1090 2733 camera
1104 2688 1233 2730 umora·

143 2767 292 2851 quadam
323 2767 575 2844 convenientes,
608 2788 712 2851 super
744 2768 869 2832 lectum
909 2769 1088 2852 quemdam
1102 2740 1241 2839 ῗῖιῗιῖἧιῖῗῗὲ

142 2868 293 2932 sedendo
325 2867 638 2945 confabularentur,
660 2869 750 2932 ictus
775 2867 927 2931 fulminis
953 2889 1014 2950 per
1037 2868 1087 2934 fe·
1102 2841 1245 2940 ffffl'd

145 2975 296 3032 nestram
316 2986 394 3051 quae
411 2968 461 3031 eis
484 2975 559 3032 erat
580 2988 601 3031 a
624 2968 726 3032 dorso
742 2969 930 3049 ingressus,
948 2976 983 3032 et
999 2968 1090 3034 inter

143 3085 202 3131 eos
230 3069 411 3144 transiens,
437 3067 522 3149 ipsis
549 3069 688 3149 penitus
713 3068 844 3144 illaesis,
867 3067 954 3132 duos
981 3068 1089 3134 domi·

143 3167 249 3231 cellos
265 3168 322 3250 qui
345 3168 380 3230 in
403 3187 519 3231 eorum
540 3169 681 3232 stabant
702 3169 887 3250 praesentia
905 3167 1088 3236 interfecit.

143 3266 334 3349 stupefacti
357 3267 537 3331 admodum
567 3268 671 3332 ceteri
694 3287 813 3332 omnes
842 3267 902 3349 qui
931 3267 1088 3347 aderant,

142 3386 186 3431 ex
216 3367 366 3432 evidenti
394 3367 484 3449 quod
517 3368 712 3448 contigerat
737 3366 914 3443 miraculo,
942 3386 1088 3451 perpen-

141 3466 270 3530 debant
290 3466 397 3530 divini
414 3468 663 3550 protectionem
687 3466 835 3530 numinis
859 3466 965 3531 saluti
982 3468 1088 3550 regiae

142 3585 210 3630 non
229 3566 359 3630 deesse.

192 3666 270 3730 Rex
304 3665 443 3748 Angliae
476 3666 594 3731 eodem
632 3685 724 3730 anno
759 3665 933 3749 profectus
968 3675 1022 3732 est
1050 3666 1086 3731 in
1100 3688 1208 3740 merae

141 3763 367 3848 Aragoniam,
392 3774 431 3830 ut
451 3767 744 3848 consanguineum
764 3759 961 3846 ⁴(larolum,
977 3766 1084 3831 filium
1099 3739 1224 3840 iffi.

141 3864 270 3944 Caroli,
305 3866 348 3929 ab
380 3865 528 3930 Alfonso
569 3885 649 3947 rege
683 3864 871 3947 Aragoniae
911 3865 1087 3932 detentum

139 3966 173 4028 in
199 3984 347 4041 carcere,
373 3965 544 4029 liberaret.
598 3965 677 4029 Rex
708 3964 814 4048 Cypri
842 3964 933 4046 apud
962 3963 1086 4031 Achon

174 4148 181 4178 ¹
200 4150 300 4198 ‘renuit
305 4144 320 4210 ;'
332 4149 379 4199 Ar.
658 4147 670 4180 ⁸
686 4152 693 4177 ‘
705 4149 797 4199 factum
806 4142 821 4204 ς’
839 4147 885 4200 Ar.
897 4154 922 4198 et
934 4148 981 4199 Ar.
991 4154 1050 4202 220.

173 4218 184 4248 ²
199 4216 344 4280 ‘vidisset3'
365 4220 403 4270 M.
415 4223 439 4269 et
449 4218 497 4268 Ar.
659 4217 668 4246 ⁴
684 4219 787 4269 omitted
798 4219 825 4267 iu
836 4218 874 4269 Μ.
