2896 4860
216 404 238 467 6
567 417 641 465 ruo.
664 416 810 464 rnrvnrr

218 598 260 642 eo
284 576 376 660 quod
401 584 494 641 esset
517 578 718 641 remissioris
743 577 870 658 ingenii
893 585 1022 653 amoto,
1043 597 1167 643 secun-

220 678 299 742 dum
327 676 436 741 filium
459 676 697 741 Thecbaldum
722 677 765 741 ad
787 676 987 742 hereditatis
1009 686 1166 761 paternae

221 777 467 861 plenitudinem
492 771 714 842 ¹sublimavit.
765 776 921 841 Tertium
938 797 1020 844 vero
1045 778 1166 856 filium,

222 877 435 961 Stephanum
457 879 607 956 nomine,
624 877 737 942 adhuc
751 877 960 960 impuberem
990 871 1168 961 ¹german0

223 998 287 1042 suo
304 978 458 1044 Henrico
485 979 559 1060 regi
576 976 716 1060 Angiice
731 971 957 1043 ¹educandum
977 991 1013 1044 et
1029 999 1168 1063 promo·

226 1078 386 1156 vandum,
412 1086 578 1162 tanquam
606 1086 766 1162 nepotem
789 1086 927 1162 patruo,
949 1080 1169 1145 commenda-

225 1180 286 1244 vit.
338 1178 510 1258 Quartum
537 1198 629 1257 vero,
656 1179 847 1244 Henricum
869 1179 1019 1258 nomine,
1036 1199 1080 1244 nc
1100 1181 1167 1246 soli

225 1280 353 1345 saeculo
372 1280 546 1344 videretur
568 1279 693 1344 liberos
719 1281 892 1362 genuisse,
912 1280 1005 1363 apud
1033 1300 1170 1346 monas·

226 1381 349 1444 terium
367 1372 610 1444 Cluniacense²
637 1381 839 1445 tonsoravit.
892 1379 1062 1446 Processu
1086 1400 1169 1446 vero

227 1479 402 1563 temporis,
438 1480 613 1544 Henricus
643 1479 839 1563 Anglorum
869 1500 933 1546 rex
965 1481 1169 1547 comitatum

227 1574 412 1644 Μοηοιιίἰ8
446 1600 506 1644 seu
545 1579 847 1645 constanciensem
880 1581 917 1645 in
952 1580 1169 1647 Normannia

227 1680 344 1763 nepoti
381 1700 444 1744 suo
476 1680 652 1763 Stephano
683 1681 841 1758 contulit,
872 1681 1079 1765 unicamque
1112 1701 1169 1747 cc-

226 1779 319 1843 mitis
348 1781 566 1846 Boloniensis
592 1781 710 1860 filiam,
735 1781 779 1845 ad
807 1800 910 1865 qnam
936 1781 1035 1865 plene
1054 1782 1171 1848 devol-

226 1879 339 1944 venda
364 1890 440 1947 erat
469 1882 642 1946 hereditas
669 1875 839 1964 patema‚⁴
864 1882 973 1946 eidem
998 1882 1170 1947 connubio

226 1981 412 2063 copulavit.
475 1982 666 2046 Henricum
690 2002 773 2047 vero
798 1981 937 2046 fratrem
967 1982 1119 2067 ejusdem
1148 2003 1171 2047 a

228 2079 395 2146 Cluniaco
410 2090 603 2159 evocatum,
620 2081 897 2146 Glastonieusem
914 2084 1075 2148 abbatem
1090 2103 1172 2148 con-

227 2181 352 2258 stituit,
393 2182 449 2245 cui
490 2190 526 2247 et
570 2191 692 2267 postea
723 2181 975 2247 wintoniensis
1015 2183 1169 2248 ecclcsiae

227 2281 373 2345 contulit
397 2282 633 2364 praesulatum,
659 2283 720 2365 qui
746 2283 926 2367 utriusque
951 2283 1053 2347 simul
1073 2283 1170 2349 iunc-

229 2388 285 2446 tus
316 2381 428 2447 officio
462 2384 698 2466 possessiones
731 2383 959 2467 amplissimas
989 2385 1171 2468 utriusque

228 2482 381 2560 retinuit,
403 2482 562 2548 Romano
581 2503 659 2548 cum
685 2502 727 2547 eo
755 2482 917 2566 pontifice
939 2483 1171 2566 dispensante.

228 2581 424 2664 Stephanus
447 2583 566 2665 igitur,
584 2590 624 2647 ut
643 2582 827 2665 praefatum
849 2591 914 2661 est,
929 2584 1107 2649 subtracto
1128 2585 1173 2649 de

228 2682 340 2746 medio
375 2682 559 2759 avunculo,
588 2703 731 2764 regnum
761 2682 900 2766 Angliae
933 2684 1112 2762 invadens,
1150 2704 1173 2748 a

228 2781 404 2846 Willelmo
433 2781 677 2847 cantuariensi
704 2783 974 2867 archiepiscopo,
1000 2792 1175 2850 mouente

228 2880 489 2946 Saresburiense
516 2882 668 2965 Regem,
685 2884 720 2948 in
746 2885 931 2967 praesentia
950 2884 1172 2969 praelatorum

228 2990 263 3045 et
285 3002 478 3064 procerum,
494 3002 563 3047 non
581 2985 741 3049 obstante
751 2984 962 3069 juramento,
979 2985 1070 3069 quod
1091 2985 1173 3051 olim

226 3082 436 3164 imperatrici
460 3082 598 3148 vivente
625 3091 724 3166 patre
747 3086 992 3169 praestiterant,
1013 3086 1173 3150 solemni-

227 3187 281 3245 ter
304 3191 500 3248 coronatur.
558 3183 655 3250 Sedit
677 3205 720 3249 ea
741 3193 947 3267 tempestate
967 3186 1089 3252 Romae
1110 3187 1170 3251 In·

226 3283 406 3347 nocentius
431 3284 614 3360 secundus
632 3284 822 3368 imperante
846 3284 1012 3352 Lothario
1033 3296 1171 3370 quarto,

225 3391 261 3445 et
278 3392 445 3465 regnante
462 3385 497 3448 in
514 3385 663 3448 Francia
678 3381 877 3450 Lodovico.⁵

260 3603 268 3635 ¹
280 3605 425 3668 ‘pervenit'
440 3609 529 3660 ‘fratri
545 3605 609 3674 suo,‘
621 3613 686 3661 ‘nu·
747 3608 757 3640 ⁴
768 3614 777 3641 ‘
788 3619 867 3663 totum
889 3616 1021 3676 spectabat
1045 3616 1173 3668 hereditas

223 3677 348 3725 triendnm
358 3675 373 3737 ς’
389 3679 435 3728 Ar.
710 3688 816 3746 paterna
821 3685 906 3748 nepoti
913 3686 1013 3736 domino
1021 3687 1149 3750 Stephano
1155 3689 1175 3750 ;'

259 3744 322 3796 '‘in
335 3749 505 3808 monachum3’
521 3751 568 3801 Ar.
711 3754 759 3804 Ar.

259 3813 444 3881 ⁸‘Mertonii;’
461 3814 527 3872 ΠΛ.
745 3822 850 3875 ⁸louis
860 3827 908 3877 vl.
