2896 4860
354 384 419 450 258
720 401 793 450 ruc.
811 401 960 451 rarvarr

356 560 541 624 enormiter
569 561 756 641 gravastis,
786 568 821 625 et
849 560 944 642 ipsos
976 579 1039 642 pro
1066 580 1167 643 posse
1191 568 1306 626 vestro

356 678 504 741 gravare
530 659 734 742 proponitis,
760 660 850 725 sicut
874 679 937 742 per
958 660 1091 724 litteras
1116 661 1215 725 nobis
1237 662 1309 743 sig-

358 758 537 836 nificastis,
560 779 623 823 nos
646 760 801 842 ipsorum
826 779 1013 841 gravamen
1040 768 1193 824 nostrum
1216 753 1309 843 ¹pro-

359 859 483 943 prium,
514 867 550 923 et
578 878 695 924 eorum
721 859 878 924 inimicos
906 879 1006 942 aeque
1036 871 1173 925 nostros
1206 880 1308 943 repu-

359 967 486 1035 tantes,
518 977 596 1022 cum
630 965 763 1023 tantum
797 959 970 1042 praecipue
1000 959 1156 1042 praedicti
1191 959 1309 1024 fideles

360 1058 469 1123 nostri
491 1078 553 1140 pro
579 1059 745 1124 fidelitate
769 1078 834 1122 sua
855 1059 1070 1124 observanda
1091 1068 1213 1124 contra
1235 1060 1310 1126 iufi-

360 1158 535 1223 delitatcm
551 1166 701 1224 vestram
722 1157 821 1223 nobis
837 1159 981 1224 viriliter
993 1166 1029 1222 et
1043 1159 1189 1224 fideliter
1207 1161 1310 1224 assis-

360 1267 451 1335 tunt,
482 1258 524 1322 de
552 1267 669 1324 vestra
695 1258 861 1324 fidelitate
884 1260 938 1323 vel
966 1277 1084 1323 amore
1112 1280 1181 1324 non
1208 1279 1308 1325 cura·

361 1377 460 1436 mus;
494 1358 555 1423 sed
581 1379 644 1424 vos
676 1367 842 1442 tanquam
875 1366 1012 1423 nostros
1041 1367 1076 1423 et
1102 1379 1219 1424 eorum
1241 1361 1307 1424 ini·

362 1459 469 1522 micos
485 1457 687 1522 diffidamus.
733 1459 839 1523 Teste
855 1459 988 1541 meipso
1005 1458 1098 1542 apud
1115 1459 1259 1524 Lewesss

413 1558 460 1622 Et
482 1579 544 1622 rex
565 1559 670 1622 etiam
698 1557 911 1623 Alemanniae
935 1566 970 1622 et
998 1559 1189 1624 Edwardus
1218 1559 1310 1624 filius

363 1659 466 1740 regis,
488 1658 625 1722 nomine
647 1677 710 1724 suo
728 1667 764 1723 et
783 1658 931 1723 aliorum
952 1660 1025 1741 regi
1051 1658 1311 1735 adhaerentium,

363 1758 576 1840 scripserunt
601 1759 774 1840 praedictis
807 1759 989 1824 comitibus
1017 1766 1052 1823 et
1078 1779 1196 1823 eorum
1218 1779 1311 1824 com-

364 1858 510 1941 plicibus
526 1858 561 1921 in
580 1858 644 1924 hac
660 1857 790 1923 forma:

203 1968 293 2058 {yffi
303 1969 344 2008 ²1¹⁶
413 1957 611 2022 ‘Ricardus
630 1957 700 2023 Dsr
726 1958 841 2040 gratia
862 1976 925 2021 rex
942 1950 1199 2023 ²Romanorum
1222 1977 1312 2023 sem·

201 2069 251 2158 {1ss
252 2069 296 2158 ἐξ·
364 2078 426 2140 per
455 2056 650 2140 Augustus,
679 2066 715 2125 et
739 2058 931 2122 Edwardus
954 2057 1099 2123 illustris
1123 2059 1216 2141 regis
1239 2058 1312 2122 An·

364 2158 444 2238 glise
470 2158 729 2240 primogenitus,
757 2156 930 2239 ceterique
958 2159 1106 2223 barones
1132 2178 1251 2223 omnes
1276 2166 1312 2222 et

363 2258 507 2334 nobiles,
523 2259 688 2341 praedicto
706 2259 779 2340 regi
797 2257 936 2339 Angliae
960 2265 1159 2324 constanter
1180 2266 1216 2324 et
1241 2257 1312 2322 sin-

363 2376 442 2421 cera
462 2356 529 2421 fide
551 2365 658 2442 atque
681 2359 842 2440 operibus
860 2357 1088 2436 adhaerentes,
1108 2358 1251 2441 Symoui
1269 2359 1312 2424 de

364 2457 592 2534 Monteforti,
619 2456 798 2525 Gileberto
827 2456 870 2522 de
892 2456 1004 2534 Clare,
1028 2477 1069 2522 ac
1090 2459 1213 2524 ceteris
1235 2459 1313 2522 uni-

364 2558 473 2620 versis
493 2565 528 2623 et
548 2557 694 2640 singulis
716 2556 869 2640 perfidie
886 2577 958 2622 suae
974 2558 1209 2640 complicibus.
1256 2558 1312 2623 Ex

364 2655 490 2720 litteris
514 2658 652 2734 vestris,
670 2676 758 2740 quas
780 2656 918 2722 domino
944 2666 1063 2723 nostro
1090 2659 1217 2722 illustri
1238 2657 1313 2740 regi

364 2754 502 2837 Angliae
528 2756 768 2822 transmisistis
799 2755 995 2839 accepimus
1026 2777 1089 2822 nos
1121 2778 1197 2822 esse
1226 2756 1314 2821 diffi-

365 2855 465 2920 datos
507 2874 528 2920 a
569 2857 680 2934 vobis,
721 2857 879 2939 quamvis
921 2856 1117 2941 hujusmodi
1150 2850 1315 2922 ³verbalis

365 2953 531 3020 diffidatio
553 2956 639 3020 satis
663 2955 820 3020 fueritin
840 2949 922 3020 *nos
942 2957 1082 3021 realiter
1100 2965 1181 3022 ante
1198 2965 1315 3023 vestra

366 3053 496 3131 hostili,
520 3055 557 3119 in
584 3075 697 3121 rerum
729 3062 925 3119 nostrarum
950 3056 1117 3121 incendiis
1145 3065 1180 3121 et
1208 3059 1316 3123 bono·

365 3173 441 3217 rum
476 3162 672 3219 nostrorum
709 3153 1045 3238 depopulationibus,
1077 3158 1315 3238 persecutione

364 3252 512 3336 prolata.
565 3254 641 3320 Nos
655 3255 763 3336 igitur
777 3255 865 3318 scire
891 3275 952 3320 vos
973 3255 1146 3332 volumus,
1172 3275 1194 3321 a
1215 3257 1315 3321 nobis

364 3353 534 3418 universis
551 3362 587 3419 et
605 3354 752 3436 singulis
769 3373 831 3419 vos
845 3363 1011 3438 tanquam
1028 3355 1146 3421 hostes
1161 3356 1316 3438 publicos

365 3455 409 3519 ab
433 3454 588 3519 hostibus
609 3453 792 3531 diffidatos,
819 3455 879 3538 qui
903 3454 1065 3537 deinceps
1090 3474 1314 3538 personarum

365 3563 558 3619 vestrarum
580 3563 616 3619 ct
641 3573 756 3618 rerum
778 3553 977 3636 dispendiis,
1003 3555 1198 3639 ubicunque
1217 3556 1315 3620 nobis

365 3655 408 3719 ad
437 3654 501 3719 hoc
531 3653 680 3719 facultas
710 3653 825 3731 fuerit,
850 3654 932 3718 totis
954 3655 1086 3719 viribus
1118 3664 1154 3720 et
1184 3655 1316 3720 nisibus

365 3755 574 3819 insistemus.
627 3754 681 3818 De
702 3753 766 3818 hoc
788 3753 881 3836 quod
903 3754 992 3819 falsa
1011 3755 1110 3819 nobis
1128 3755 1317 3837 imponitis,

365 3854 458 3937 quod
475 3873 538 3919 nec
552 3853 652 3918 fidele
675 3873 737 3918 nec
755 3855 880 3919 bonum
897 3854 1075 3919 consilium
1097 3854 1163 3937 ipsi
1180 3854 1317 3920 domiuo

403 4065 409 4093 ¹
426 4066 434 4091 ‘
445 4064 601 4125 91⁰9⁰⁸it¹¹¹1¹
611 4058 627 4122 3'
639 4063 677 4112 Μ·
689 4068 713 4111 ⁶²
725 4062 772 4112 Ar·
892 4062 902 4092 ⁸
918 4064 1046 4114 ‘formalis
1055 4065 1071 4121 ;’
1083 4065 1121 4113 Μ.
1133 4068 1158 4113 et
1170 4064 1216 4114 Ar.

401 4130 467 4182 ¹M.
483 4135 533 4182 aad
551 4133 598 4182 Ar.
618 4132 683 4182 bave
703 4133 829 4183 ‘Franco-

364 4219 420 4252 rum
430 4200 447 4252 :'
466 4203 594 4265 evidently
602 4218 634 4251 an
647 4218 723 4254 error.
890 4202 900 4233 ⁴
917 4204 978 4253 ‘vos
988 4200 1002 4264 ;'
1016 4205 1076 4253 eoa.
1090 4205 1153 4268 Reg.
