2896 4860
570 395 743 444 cassans.
1066 379 1128 441 xix

178 547 205 603 V
215 547 323 604 sualem
338 545 493 604 decantans
508 545 647 605 Sacerdos
662 544 868 622 praefationem.
1144 556 1265 646 pm..

181 643 347 701 Multitudo
361 643 560 720 praefationum
575 642 738 719 specialium
752 643 855 720 quibus
871 641 999 699 Ecclesia
1011 641 1110 700 utitur.
1144 667 1214 698 mmo.

178 796 208 853 H
218 797 285 854 abet
300 797 460 875 Epiphania
473 797 667 872 praefationem
682 796 841 854 secundam.

179 892 206 948 V
216 892 303 951 titur¹
322 893 451 952 Ecclesia
464 894 548 951 tertia
561 893 729 971 praefatioue
743 894 771 949 in
787 892 1022 969 Quadragesima.

179 989 207 1046 N
217 1009 250 1046 ec
264 989 466 1067 praetereunda
479 998 522 1047 est
536 1000 638 1067 quarte
651 989 781 1066 praefatio
797 988 831 1046 de
847 989 948 1046 Cruce.

179 1086 327 1145 Cantetur
342 1086 371 1142 in
387 1085 515 1143 paschas
529 1087 629 1163 quinta
642 1085 789 1143 Praefatio.

179 1239 313 1317 'l'angit³
328 1248 407 1296 sexta
421 1239 556 1297 Praefatio
569 1240 624 1298 tria
638 1239 793 1316 spectantia
807 1237 843 1295 ad
856 1237 1000 1294 materiem
1014 1233 1105 1292 laudis

303 1335 429 1392 Divinae.

181 1429 277 1488 Ratio
291 1430 382 1488 landis
397 1431 513 1488 Divinae
527 1432 555 1488 in
571 1430 738 1507 praefatione
753 1430 879 1506 septima.

182 1526 235 1584 Ad
248 1527 387 1584 honorem
402 1527 583 1585 Tnnurarrs
599 1536 728 1584 cantatur
742 1535 842 1584 octava
855 1524 994 1603 proefatio.

181 1624 330 1683 Cantetur
344 1625 372 1680 iu
386 1623 494 1681 honore
510 1623 606 1682 Beatae
622 1624 748 1700 Virginis
762 1643 837 1681 nona
850 1623 989 1700 praefatio.

182 1719 319 1777 Tandem
334 1721 361 1777 in
378 1720 544 1796 praefatione
558 1720 593 1777 de
610 1720 755 1798 Apostolis
769 1740 834 1797 quae
847 1729 892 1777 est
905 1718 1020 1776 decima.

182 1817 210 1874 A
224 1825 285 1873 toto
300 1816 397 1875 Choro
411 1825 540 1874 cantatur
553 1817 676 1895 hymnus
690 1818 738 1894 qui
753 1816 920 1874 ansaoron
935 1815 1100 1893 appellatur.

183 1912 329 1970 Trahitur
346 1932 449 1969 nornen
471 1913 597 1972 Canonis
618 1932 636 1970 a
657 1913 769 1982 Graeco,
792 1912 868 1990 qnod
889 1912 990 1969 Latine
1022 1912 1130 1988 [tepula

304 2009 514 2085 iuterpretatur.

185 2106 322 2163 Vtilitate
336 2114 430 2161 autem
447 2105 632 2181 offerentium
646 2125 745 2163 eorum
758 2126 810 2183 pro
824 2106 926 2184 quibus
940 2105 971 2163 fit
985 2105 1099 2163 oblatio.

184 2201 363 2259 Memoriam
378 2201 446 2259 facit
460 2200 560 2259 deinde
577 2201 713 2260 Sacerdos
729 2201 906 2261 Sanctorum.

187 2354 350 2414 Concludit
371 2355 484 2412 demum
505 2355 572 2432 quid
592 2375 643 2432 pcr
666 2356 836 2413 oblationem
858 2355 972 2413 Hostioe
993 2357 1029 2413 sit
1050 2357 1137 2434 impe·

308 2451 450 2508 trandum.

188 2546 269 2605 Orat
284 2546 385 2605 deinde
400 2545 538 2606 Sacerdos
553 2549 685 2606 virtutem
700 2548 881 2606 consecrandi
896 2548 1055 2626 implorans.

188 2642 317 2701 Modum
331 2664 387 2720 quo
404 2644 536 2703 Christus
549 2645 733 2713 consecravit,
749 2643 887 2704 Sacerdos
902 2653 1124 2703 consecraturus.

189 2740 268 2797 Post
293 2741 533 2798 consecrationem
562 2742 697 2820 Corporis
725 2742 870 2819 subjungit
899 2743 1138 2799 consecrationem

311 2835 472 2913 Sanguinis.

189 2933 318 3011 Impleta
332 2933 553 3001 consecratione,
568 2932 699 2990 sacerdos
713 2933 828 2992 brachia
841 2933 978 2992 extendit.

189 3029 312 3087 Laxatis
331 3039 426 3087 autem
448 3027 570 3087 brachiis
591 3030 627 3086 ab
647 3030 810 3088 extensione
832 3029 989 3089 Sacerdos⁴
1009 3031 1079 3107 petit
1092 3049 1139 3087 ac-

312 3127 507 3203 captationem.

192 3226 220 3280 A
230 3222 347 3280 uxilium
362 3223 462 3299 gratiae
477 3231 541 3299 post
555 3221 619 3279 hoec
632 3222 786 3299 implorans
803 3222 950 3282 Sacerdos.

157 3372 161 3380 .
193 3319 241 3376 Vt
254 3319 357 3376 etiam⁵
370 3320 461 3396 prosit
476 3317 538 3376 hoec
552 3317 656 3376 oblatio
671 3318 817 3378 defunctis

192 3415 299 3494 Ipsum
320 3415 441 3473 eundem
462 3415 598 3472 effectum.
615 3414 789 3472 Sacramenti
810 3436 866 3492 qno
887 3417 1056 3493 adglorians
1072 3416 1141 3474 vivis

314 3511 477 3590 implorans.

194 3606 385 3669 Terminat0⁶
395 3616 489 3665 autem
506 3607 623 3666 Canone
638 3609 810 3666 mentionem
831 3609 898 3668 facit
917 3609 951 3667 de
967 3608 1142 3668 Mediatione

316 3704 432 3764 Christi.

230 3827 237 3858 ¹
255 3829 362 3878 ‘Utitur
377 3833 463 3878 autem
475 3829 585 3879 ecclesia
596 3833 655 3885 tem·
719 3828 727 3856 ⁴
742 3831 903 3881 ‘Sacerdotis
922 3833 955 3882 ab
974 3832 1119 3881 extensione
1130 3826 1145 3890 ς’

193 3915 254 3962 pore
271 3899 494 3961 Quadragesimali
509 3899 657 3961 praelatione
683 3901 748 3950 Har.
762 3905 835 3951 ³⁷68.

193 3971 268 4068 mil}
275 3969 481 4098 {negatam
718 4001 728 4029 ⁰
744 4002 752 4030 ‘
767 4003 832 4053 Haec
848 4004 942 4053 oblatio
958 4003 1037 4065 prosit
1048 3997 1061 4063 ;'
1082 4002 1146 4051 Hor.

229 4107 240 4140 ⁸
258 4109 422 4172 ‘Tanguutur
433 4110 459 4157 in
476 4114 549 4159 sexta
560 4108 658 4158 Praet‘a-
684 4076 757 4122 Μ’

194 4182 262 4229 tione
273 4174 338 4243 tria‚‘
350 4186 415 4241 ctc.;
434 4180 469 4228 id.
721 4173 731 4204 ⁶
747 4170 952 4234 ‘Termiuando;’
970 4173 1005 4222 id.
