2896 4860
515 407 700 457 aursana.
1017 391 1084 456 403

128 564 333 646 praeparatis
352 557 544 641 ¹machinis‚
564 562 654 630 ‘illud
673 563 778 630 solito
800 564 923 629 fortius
944 566 1186 670 impuss·§{,·g‡,⁰f

131 664 238 729 navit.
309 665 379 744 Qui
413 685 495 730 vero
527 675 679 731 castrum
708 664 960 743 custodiebant,
993 665 1075 730 illud
1089 641 1179 721 mue-⁸

130 763 265 829 fortiter
284 764 519 844 defendentes
537 786 616 830 cum
633 765 799 830 machinis
816 764 889 829 suis
911 765 1077 848 plurimos

129 864 338 929 occiderunt.
400 865 600 950 Religiosus
631 866 784 949 quidam,
816 865 876 948 qui
906 866 1076 930 obsidioni
1087 879 1227 969 2933an

128 964 355 1045 personaliter
370 964 547 1044 intererat,
561 966 604 1030 de
620 985 700 1048 rege
714 963 855 1048 Angliee
870 965 936 1030 hoc
950 965 1077 1030 referre
1179 955 1185 967 ’

128 1064 274 1140 solebat,
290 1064 382 1148 quod
404 1065 459 1130 die
483 1066 632 1151 quadam
650 1086 727 1131 cum
749 1071 901 1130 castrum
918 1066 1075 1131 conmde·

129 1163 238 1228 rando
255 1166 483 1248 obequitaret,
501 1186 542 1230 ac
560 1165 710 1249 quodam
731 1165 808 1231 loco
832 1164 922 1228 infra
940 1165 1075 1249 jactum

130 1263 332 1328 balistarum
370 1265 602 1348 obequitando
636 1265 942 1348 appropinquaret,
974 1265 1076 1349 jacu-

129 1363 200 1426 lum
225 1364 398 1447 quoddam
414 1364 457 1429 de
479 1372 595 1430 castro
621 1365 796 1442 emissum,
814 1364 984 1447 superiori
1000 1365 1076 1449 ejus

130 1472 315 1528 armaturae
346 1457 505 1528 ²affixum
536 1466 610 1530 sine
643 1464 715 1529 ulla
741 1464 896 1547 corporis
923 1464 1075 1530 laesione.

130 1561 174 1626 In
190 1564 282 1646 quod
299 1570 494 1629 extractum
511 1585 575 1630 rex
595 1583 782 1647 exspuens,
800 1583 968 1629 conversa
989 1563 1077 1629 facie

130 1662 174 1726 ad
190 1672 353 1738 castrum,
371 1664 443 1728 alta
460 1684 545 1730 voce
560 1665 603 1743 ei,
616 1663 676 1747 qui
691 1663 775 1728 illud
793 1664 966 1741 emiserat,
978 1663 1079 1748 jacu-

128 1762 200 1826 lum
222 1763 446 1842 0stendendo,
468 1764 691 1847 suspendium
713 1756 939 1829 minabatur.³
990 1763 1077 1829 Cas·

130 1862 262 1941 tellani,
286 1863 444 1929 videntes
461 1864 675 1929 obsidionem
694 1882 799 1946 super
820 1882 857 1927 se
879 1865 1077 1946 aggravari,

130 1963 330 2027 obtulerunt
345 1972 497 2029 castrum
522 1964 608 2046 regi,
624 1962 731 2027 salvis
749 1963 823 2027 vita
844 1970 880 2026 et
895 1964 1077 2043 membris;

130 2081 171 2126 ac
189 2071 323 2145 postea,
341 2064 543 2146 simpliciter
560 2082 598 2127 se
614 2063 650 2127 iu
666 2062 742 2147 ejus
769 2063 884 2145 gratia
897 2070 1077 2145 ponentes.

132 2161 199 2226 Sed
222 2171 345 2228 neutro
369 2163 471 2228 modo
495 2162 605 2227 voluit
627 2181 686 2227 eos
712 2181 776 2226 rex
801 2160 994 2239 admittere,
1015 2163 1077 2227 sed

133 2269 267 2326 tantum
298 2263 334 2326 in
361 2283 405 2327 ea
433 2263 554 2340 forma,
579 2270 619 2327 ut
645 2282 730 2345 pure
757 2267 793 2326 et
813 2260 1016 2344 simpliciter
1040 2281 1078 2327 se
1163 2273 1178 2288 ·

131 2354 313 2426 ⁴dederent
330 2363 434 2444 regiae
450 2363 631 2427 voluntati.
684 2361 786 2440 Quod
803 2359 884 2425 licet
900 2361 951 2425 eis
967 2362 1078 2444 primo

133 2461 307 2527 videretur
331 2461 480 2540 difficile,
503 2470 619 2527 tamen
644 2481 722 2527 cum
749 2460 881 2525 fossata
902 2462 1079 2544 conspice-

132 2570 209 2626 rent
226 2570 319 2626 terra
341 2562 475 2645 impleri
498 2570 533 2626 et
556 2561 682 2645 lapide,
707 2560 889 2642 scalasque
911 2560 957 2625 ad
983 2567 1078 2625 tran·

132 2662 345 2726 scansionem
371 2682 559 2738 murorum,
584 2662 643 2745 qui
666 2660 814 2726 assiduis
836 2659 990 2743 jactibus
1018 2680 1078 2744 pe·

133 2768 263 2826 trarum
287 2763 619 2845 conquassabantur,
638 2761 754 2844 parari
771 2781 779 2841 ;
810 2758 948 2824 taudem
966 2760 1002 2824 in
1023 2761 1079 2825 die
1090 2774 1216 2866 3333&-

133 2861 176 2925 B.
205 2861 416 2945 Margaretae
451 2862 594 2944 virginis
630 2867 783 2927 castrum
817 2858 1010 2938 reddentes,
1040 2875 1203 2975 soffia

132 2961 223 3043 regis
240 2963 369 3044 placito
393 2962 628 3027 subdiderunt.
682 2961 839 3040 Quorum
861 2958 1079 3042 capitaneum
1091 2976 1164 3017 cuae·

133 3060 346 3126 Willelmum
380 3056 556 3140 ⁵Olifardi,
591 3062 733 3126 militem
769 3059 954 3124 admodum
991 3067 1079 3126 stre·

133 3179 240 3223 nuum
271 3168 306 3224 et
333 3162 524 3239 cordatum,
549 3162 592 3225 ad
624 3169 774 3225 castrum
810 3159 1080 3238 Londoniarum,

133 3259 284 3341 reliquos
311 3280 393 3325 vero
419 3260 463 3324 ad
489 3261 559 3324 alia
580 3269 697 3325 castra
724 3261 861 3324 diversa
890 3259 1081 3324 transmisit

131 3489 199 3538 omni
215 3487 366 3550 conditione,
378 3484 406 3537 'se
420 3488 596 3537 submitterent
657 3482 665 3515 ¹
686 3479 854 3545 ‘machinis3'
872 3485 976 3534 omitted
993 3488 1019 3535 in
1036 3486 1084 3537 Ar.

136 3559 160 3606 in
174 3559 290 3607 omnibus
307 3558 385 3620 regiae
398 3558 530 3608 voluntati.
565 3558 597 3607 lu
623 3560 680 3605 22⁰.

135 3628 177 3677 die
190 3629 216 3677 S.
228 3627 335 3689 Georgii
346 3628 505 3690 praecedente
517 3628 597 3690 primo
657 3653 804 3705 „amum
816 3650 881 3704 est„
896 3656 935 3704 Ar
955 3659 1004 3704 m

135 3699 233 3747 firmata
248 3703 287 3746 est
300 3697 415 3757 obsidio;
434 3698 460 3746 in
480 3712 532 3760 qua
549 3698 597 3746 suit
864 3690 871 3714 ’
937 3692 943 3703 “
1006 3690 1013 3704 ’

135 3773 206 3817 tanta
216 3767 352 3817 multitudo
364 3767 531 3831 ingeniorum,
543 3772 598 3817 tan·
657 3773 744 3824 ’This
761 3774 882 3824 anecdota
898 3775 921 3823 is
932 3779 976 3824 not
985 3776 1085 3826 noticed

134 3842 160 3887 ta
181 3839 255 3900 copia
276 3838 327 3887 vini
346 3842 371 3886 et
391 3839 550 3900 victualium,
570 3843 598 3886 ut
622 3845 815 3907 byHem‚206.
994 3896 996 3900 Α

137 3907 232 3969 singuli
243 3908 401 3958 mirarentur.
431 3908 598 3970 Quiinprae·
657 3945 716 3995 „d
780 3942 816 3994 t,
833 3945 855 3996 Δ
894 3951 942 3998 22⁰

136 3976 202 4027 sidio
213 3979 289 4026 castri
301 3982 381 4038 erant,
392 3979 456 4027 illud
467 3984 599 4040 coeperunt
719 3962 778 3996 ⁸¹⁸⁰
799 3983 806 4007 ’
859 3963 881 3997 Υ·
945 3984 951 3996 ·

135 4047 242 4096 viriliter
261 4046 429 4111 [defendere]
445 4063 475 4097 ac
487 4047 598 4111 ingenio·
659 4046 670 4076 ⁸
685 4043 828 4109 ‘olisai-d?
836 4050 876 4100 M.
888 4051 1004 4113 Perhaps
1015 4052 1086 4103 ‘Olb
1103 4071 1111 4080 ·

136 4132 191 4164 rum
198 4118 271 4177 jactu
278 4117 453 4166 obsidentibus
462 4117 599 4179 plurimum
624 4113 693 4178 fant,’
711 4134 740 4168 as
762 4120 813 4168 Mr.
828 4119 916 4181 'l'ytler
935 4121 1010 4171 reads
1024 4124 1053 4184 it,
1067 4124 1085 4172 l.

135 4182 291 4235 nocuerunt.⁹
624 4192 681 4238 21⁰.

909 4282 982 4326 not
