2896 4860
569 424 752 473 inustus.
1069 410 1134 474 213

180 578 334 643 exercitu
352 579 534 663 dissipavit
549 581 585 644 in
603 582 710 658 brevi,
735 589 770 645 et
787 602 846 646 eos
864 584 907 647 ad
925 583 1132 648 deditionem

178 683 339 759 potenter
363 681 487 761 coegit.
539 681 724 758 Henricus,
751 682 923 748 Frederici
947 686 1132 767 imperato·

179 777 228 841 ris
244 778 337 843 filius
354 800 398 844 ex
414 800 531 845 sorore
546 782 637 862 regis
653 779 853 864 Aragoniae,
869 803 955 866 puer
972 785 1132 848 decennis

180 876 405 944 demandato
419 880 529 962 patris
543 881 579 944 in
598 900 742 962 regnum
760 881 973 948 Alemanniae
988 904 1131 949 corone·

183 984 250 1043 tur.
316 978 411 1044 Obiit
444 981 561 1045 Simon
592 973 815 1046 ¹Exoniensis
848 984 1042 1066 episcopus,
1077 985 1132 1048 cui

180 1076 379 1143 Willelmus
407 1079 449 1144 de
480 1080 516 1145 la
544 1074 693 1145 ²Bruere
726 1084 902 1147 successit.
954 1083 1132 1148 Walterus

183 1176 387 1244 Mauclerck
408 1173 465 1245 'fit
486 1182 668 1265 episcopus
692 1180 939 1261 Karleolensis,
963 1185 1022 1267 qui
1053 1192 1133 1266 post

182 1278 319 1363 aliquot
335 1299 456 1358 annos,
473 1281 659 1365 impetrata
676 1300 698 1344 a
712 1282 851 1346 domino
874 1301 966 1365 papa
993 1285 1133 1348 cedendi

182 1378 333 1456 licentia,
363 1381 516 1445 ordinem
537 1381 683 1445 fratrum
708 1381 979 1446 Praedicatorum
1004 1385 1134 1466 ingres-

184 1496 244 1543 sus
272 1487 339 1557 est,
362 1480 458 1545 nulla
480 1481 546 1545 sibi
569 1481 611 1546 de
634 1481 835 1564 episcopatu
855 1484 1051 1565 provisione
1075 1505 1134 1566 pe-

184 1578 279 1643 nitus
308 1587 505 1661 reservata3
538 1582 597 1664 qui
628 1581 719 1646 inter
744 1581 867 1646 fratres
896 1585 931 1646 in
963 1593 1134 1648 conventu

184 1676 335 1745 Oxonise
371 1679 533 1763 religiosa
571 1683 832 1747 conversatione
874 1703 1135 1761 consenescens,

183 1779 297 1844 multa
321 1780 357 1843 in
382 1779 536 1846 aedificiis
564 1788 599 1845 et
620 1781 698 1845 aliis
723 1783 944 1847 memoranda
965 1776 1134 1867 *reliquit

184 1876 284 1944 Obiit
301 1879 510 1958 willelmus,
527 1882 709 1964 episcopus
726 1881 930 1947 Cestrensis.

216 2080 349 2118 natue.
436 2082 459 2118 P.
472 2082 633 2118 uontboabu
646 2083 672 2119 R.
735 2074 738 2129 Ι
769 2082 923 2118 FRANCORUM
949 2080 951 2121 i
975 2084 1113 2119 suetonum

222 2169 346 2207 uoexxtv.
387 2168 493 2204 uonouu
504 2142 542 2204 ut.
560 2141 692 2205 suu—bembi
703 2170 731 2207 11.
754 2169 1122 2283 tonovlctvttl.pusua101111.

836 2230 858 2275 l.
1035 2232 1059 2278 8.

238 2372 449 2437 Lonovtous
477 2371 689 2436 Francorum
716 2391 792 2447 rex,
820 2370 1015 2452 postposito
1039 2370 1137 2454 jura·
1151 2406 1214 2446 Μ,

185 2479 305 2537 mento
330 2472 421 2555 qued
451 2472 532 2536 olim
560 2473 596 2535 in
620 2470 749 2553 Anglia
775 2471 997 2552 praestiterat,
1024 2458 1242 2555 coepta}{{¹‡,⁶,¹;!,

187 2573 300 2657 patris
326 2579 449 2636 contra
474 2591 588 2654 regem
612 2571 751 2654 Angliac
780 2589 1002 2653 prosequens,
1020 2570 1137 2634 villam
1150 2556 1280 2648 Γξῗξξῗξὲξ·

189 2671 226 2737 8.
242 2671 393 2736 Joannis
413 2670 596 2754 Angeliaci
618 2673 721 2755 cepit,
740 2678 775 2735 et
797 2691 858 2753 per
875 2669 1077 2735 Savaricum
1098 2670 1140 2734 de

189 2770 424 2837 Maio-Leone
457 2778 609 2836 castrum
640 2770 682 2834 de
715 2765 891 2835 ⁵M0rdum
920 2771 955 2833 in
981 2770 1140 2834 Pictavia

188 2891 262 2937 suae
291 2872 510 2937 commissum
542 2871 720 2948 custodiae,
754 2871 852 2935 salvo
884 2870 960 2952 ipso
992 2879 1026 2935 et
1055 2870 1140 2946 suis,

187 2972 360 3037 redditum
391 2979 444 3035 est
477 2972 551 3054 regi
587 2972 808 3035 Francorum.
862 2970 1007 3035 Obsedit
1036 2971 1141 3034 etiam

189 3070 387 3137 lodovicus
409 3070 607 3154 Rupeilam,
634 3089 737 3154 quam
764 3090 840 3134 cum
868 3072 1031 3134 trecentis
1055 3071 1140 3135 mili-

188 3173 282 3238 tibus
306 3171 473 3257 praesatus
491 3191 601 3255 nuper
617 3171 808 3236 intraverat
824 3170 1019 3235 savaricus.
1071 3170 1141 3248 Qui

189 3273 302 3357 primo
324 3292 363 3338 se
386 3272 530 3337 viriliter
550 3271 773 3336 defendentes
798 3271 901 3334 etiam
930 3270 1022 3352 regis
1043 3290 1142 3334 exer-

188 3374 296 3439 citum
317 3373 446 3456 pluries
466 3372 706 3438 molestabant.
760 3370 827 3434 Sed
848 3370 986 3435 tandem
1006 3370 1141 3435 reddita

187 3481 242 3539 est
271 3472 356 3538 ville
388 3473 599 3539 Francorum
632 3473 717 3554 regi,
756 3471 919 3535 Savarico
953 3471 995 3535 de
1026 3471 1140 3535 Malo·

190 3572 364 3641 leonem
387 3572 551 3656 Angiiam
574 3572 841 3648 transfretante3
868 3572 1027 3653 quicum
1052 3573 1141 3635 inter

190 3672 423 3756 navigandum
464 3673 633 3755 cogitaret
670 3692 708 3735 se
745 3671 863 3735 haberi
901 3671 993 3754 apud
1027 3692 1140 3753 regem

190 3771 330 3856 Angtiae
348 3771 551 3857 proditionis
572 3779 782 3855 suspectum,
805 3790 928 3834 navem
944 3791 1042 3836 suam
1060 3791 1142 3834 con-

191 3872 296 3937 vertit
334 3873 370 3936 in
410 3873 605 3949 Franciam,
640 3883 675 3936 et
704 3870 817 3934 factus
852 3872 1032 3953 transfuga
1070 3871 1143 3952 regi

226 4096 235 4128 ¹
251 4099 424 4149 ‘oxoniensis
433 4094 447 4159 ς’
461 4096 530 4148 D’A.
715 4093 725 4124 ³
742 4096 789 4143 See
801 4095 965 4156 Script.0rd.
976 4095 1052 4145 Pred.
1061 4097 1077 4145 i.
1088 4100 1143 4145 1²⁰.

716 4164 727 4193 ⁴
743 4165 866 4213 ‘reclusit
875 4159 889 4223 ;'
903 4166 941 4214 Μ.

226 4231 238 4265 ²
252 4235 357 4285 ‘Brnne
368 4235 383 4295 ;'
403 4236 442 4285 bt.
454 4239 478 4284 et
489 4235 536 4284 Ar.
716 4232 726 4263 ⁶
742 4240 749 4262 ⁸
764 4235 872 4284 Mordon
884 4229 897 4295 ;'
915 4235 953 4283 Μ.
