2896 4860
331 375 396 441 142
689 393 763 441 nro.
786 392 934 441 unrvurr

168 566 271 658 pendor
330 550 483 615 silientcs
509 551 546 615 iu
572 568 678 629 mare,
703 557 739 615 et
765 571 886 616 versus
910 551 1009 617 littus
1038 552 1171 635 pedites
1201 574 1281 636 pro-

182 628 241 668 ω’
330 650 506 716 cedebant.
563 650 643 716 Rex
685 658 800 716 autem
841 651 1028 734 singularis
1068 655 1282 736 praestantiae

329 750 468 830 balista,
493 770 597 833 quam
619 769 725 816 manu
747 753 919 834 gestabat,
943 752 1078 817 Turcos
1102 753 1140 817 in
1165 753 1283 819 littore

328 851 457 934 passim
491 852 702 935 prosternit;
733 851 833 936 cujus
872 852 976 915 ctiam
1008 853 1152 918 comites
1183 853 1284 918 electi

328 972 390 1035 per
403 952 530 1017 littoris
547 951 663 1035 ampla
685 952 819 1016 Turcos
843 950 1003 1017 cedentes
1027 954 1282 1037 persequeban-

329 1060 396 1116 tur.
450 1051 574 1136 Neque
603 1053 694 1116 enim
726 1051 882 1129 ulterius,
903 1052 979 1116 viso
1009 1071 1100 1134 rege,
1128 1059 1204 1117 erat
1228 1054 1280 1118 eis

329 1151 483 1234 spiritus,
500 1171 562 1218 nec
577 1152 684 1216 eidem
704 1145 954 1235 ¹[appropiare]
972 1150 1154 1217 audebant.
1204 1152 1280 1231 Lit-

329 1259 405 1316 tore
426 1271 447 1316 a
473 1253 596 1317 Turcis
623 1259 804 1329 evacuato,
827 1271 888 1316 rex
915 1271 978 1335 per
1001 1251 1152 1316 cocleam
1173 1271 1280 1335 quau-

330 1351 422 1429 dam,
445 1371 548 1435 quam
570 1352 658 1417 forte
685 1358 909 1436 perspexerat
933 1352 969 1415 in
996 1353 1153 1416 domibus
1179 1352 1284 1417 'l'em-

330 1452 531 1533 plariorum,
548 1452 643 1516 solus
661 1453 790 1535 primus
805 1451 960 1529 intravit,
977 1452 1116 1534 suisque
1133 1471 1278 1535 sequeu-

331 1552 423 1615 tibus
444 1552 551 1636 jussit
576 1569 657 1616 suas
683 1552 843 1616 banerias
869 1551 1074 1616 eminentius
1099 1552 1279 1634 explicari.

330 1648 467 1729 Quibus
494 1652 651 1734 cognitis,
676 1653 870 1716 Turcorum
900 1652 1097 1728 multitudo,
1130 1670 1209 1735 quae
1235 1652 1280 1717 ad

330 1750 398 1815 tria
425 1750 534 1815 millia
561 1745 666 1816 ²infra
692 1752 868 1817 civitatem
896 1752 1143 1829 aestimabatur,
1169 1751 1280 1833 pluri·

169 1870 260 1912 nore
329 1869 422 1915 mum
440 1853 675 1916 conturbatur.
712 1851 790 1915 Rex
805 1870 883 1915 cum
901 1851 973 1915 suis
986 1859 1145 1916 extracto
1160 1851 1278 1933 gladio

166 1922 317 2015 ilduini&
329 1951 564 2034 progrediens,
582 1952 716 2015 Torcos
726 1951 801 2036 jam
821 1950 993 2032 fugientes
1007 1951 1222 2035 insequitur3
1245 1959 1283 2016 et

329 2051 390 2134 qui
425 2051 461 2115 in
496 2052 582 2115 turri
619 2059 718 2115 erant
755 2051 940 2133 resumptis
968 2050 1099 2115 viribus
1137 2052 1281 2133 egressi,

329 2152 502 2234 regiaeque
528 2152 660 2216 militiae
685 2151 872 2236 conjuncti,
897 2150 1101 2216 horrendam
1118 2150 1281 2233 ingerunt

329 2251 454 2316 Turcis
483 2251 622 2315 caedem.
674 2251 857 2315 Saladinus
888 2259 1016 2328 autem,
1047 2250 1166 2315 audito
1187 2251 1280 2334 regis

330 2351 496 2429 adventu,
517 2357 552 2416 et
574 2351 649 2435 ejus
671 2369 857 2433 congressu
877 2369 955 2414 cum
979 2350 1052 2414 suis
1079 2351 1139 2434 qui
1162 2351 1282 2416 civita-

329 2458 399 2515 tem
423 2458 689 2536 occupaverant,
712 2452 843 2516 avulsis
864 2449 1097 2534 papilionibus
1119 2451 1284 2516 velociter

329 2551 493 2636 fugiendo
515 2553 692 2617 abscessit.
745 2550 826 2616 Rex
848 2558 965 2616 autem
990 2550 1175 2628 Ricardus,
1200 2559 1281 2634 post

328 2651 517 2716 discessum
539 2651 706 2730 Saladini,
728 2652 764 2716 in
788 2652 907 2716 eodem
929 2651 1006 2715 loco
1028 2651 1222 2734 papiliones
1242 2659 1279 2717 et

328 2752 478 2817 tentoria
500 2752 598 2832 fixit3
632 2746 685 2816 ³in
714 2753 865 2820 crastino
897 2771 980 2815 vero
1010 2749 1065 2814 die
1096 2750 1281 2817 Dominica

328 2852 531 2935 duobusque
566 2852 686 2916 diebus
720 2853 944 2935 sequentibus
976 2849 1123 2915 sollicite
1154 2870 1280 2934 procu·

328 2952 420 3015 revit
451 2969 625 3015 murorum
651 2951 767 3016 diruta
795 2952 961 3034 reparari,
988 2950 1049 3015 sed
1081 2950 1156 3014 sine
1185 2952 1280 3017 calce

328 3058 363 3114 et
380 3057 558 3128 caemento,
579 3057 618 3116 ut
636 3051 919 3133 qualemcumque
943 3050 1002 3133 qui
1022 3050 1057 3113 iu
1076 3051 1161 3115 urbe
1177 3060 1279 3117 eraut

326 3150 548 3214 munitionem
565 3148 739 3214 haberent.

166 3274 315 3315 nassonem
380 3248 524 3313 Interim
541 3250 681 3333 quidam
701 3248 744 3314 de
763 3270 888 3332 genere
912 3249 1174 3327 Saracenorum,
1195 3250 1280 3315 dicti

165 3328 284 3415 ltili?
326 3341 498 3413 ⁴Coridiui
532 3357 568 3413 et
600 3350 803 3415 Menelones
832 3351 874 3414 de
910 3348 1077 3433 Halapia,
1111 3349 1280 3432 juventus

327 3448 488 3514 videlicet
515 3449 690 3532 expedita,
718 3458 874 3515 mutuum
904 3450 1009 3514 iniere
1032 3449 1158 3527 loedus,
1188 3470 1281 3516 arro·

327 3556 451 3631 gauter
470 3549 647 3633 jactantes
669 3551 761 3634 quod
792 3569 908 3631 regem
929 3548 1129 3626 Ricardum,
1150 3549 1187 3613 in
1214 3570 1278 3615 suo

327 3650 476 3714 tentorio
504 3651 799 3731 comprehensum,
833 3657 1082 3732 praesentarent
1115 3648 1207 3714 iufra
1232 3650 1280 3715 bi·

326 3750 431 3814 duum
449 3748 624 3814 Saladino,
677 3751 779 3815 Hora
800 3750 909 3832 igitur
931 3750 1042 3813 noctis
1065 3748 1178 3812 media
1199 3768 1280 3830 pro·

327 3849 453 3914 cedunt
470 3849 592 3914 armati
616 3850 660 3914 ad
684 3851 775 3914 lunae
800 3849 1029 3932 splendorem,
1049 3866 1153 3931 super
1174 3868 1280 3931 agen·

364 3998 372 4030 ¹
389 4002 427 4051 Or
442 3998 731 4064 ‘approperarel’-all
746 4002 789 4052 the
850 3999 860 4028 ³
877 4002 920 4049 ‘iu
932 4002 1042 4051 crastina
1053 4016 1113 4050 vero
1119 4001 1255 4053 Dominica
1264 4004 1281 4063 ς’

327 4072 404 4121 MSS.
414 4069 686 4135 bave‘appropriare.'
815 4072 853 4120 Μ.

848 4139 859 4171 ⁴
876 4136 1022 4202 ‘Cor-diuis
1035 4140 1280 4192 lnemm‘cni·

361 4206 372 4239 ²
388 4210 498 4272 ‘nter
509 4207 578 4260 nas.
802 4207 965 4272 nurgum.
