2896 4860
359 379 424 441 400
705 395 775 442 mc.
802 395 950 444 rmvnrr

360 554 444 618 nihil
473 554 704 637 proficientes,
734 554 900 619 fidelitate
931 552 1047 618 debita
1077 561 1230 630 servata,
1264 553 1310 617 ad

358 653 437 718 loca
453 647 636 718 ¹custodiae
652 663 882 719 revertuntur.
923 651 1203 731 'Columnenses,
1218 673 1311 717 mor-

359 761 419 817 tuo
439 774 531 836 papa
553 754 745 832 Bonifacio,
766 753 809 818 de
828 756 900 818 suis
921 754 1051 836 egressi
1073 753 1239 830 latibulis,
1265 753 1313 817 ad

358 873 484 935 papam
503 854 728 918 Benedictum
750 861 930 930 venerunt,
955 853 1221 917 misericordiam
1246 853 1313 916 im-

357 953 557 1035 plorantes:
592 974 679 1036 quos
712 953 769 1017 ille
799 955 947 1035 benigne
975 953 1164 1034 suscipiens
1191 952 1310 1016 absol-

357 1054 420 1130 vit,
447 1073 488 1117 ac
511 1055 678 1117 bonorum
702 1073 843 1118 suorum
866 1054 986 1117 tribuit
1009 1053 1059 1115 eis
1081 1051 1308 1132 facultatem3

357 1152 416 1216 sed
443 1174 503 1217 eos
531 1153 574 1217 ad
598 1153 742 1235 gradum
765 1153 999 1217 cardinalatus
1022 1160 1093 1216 tam
1114 1152 1230 1216 subito
1254 1172 1309 1216 re·

356 1253 500 1317 stituere
516 1272 585 1316 non
602 1254 764 1317 decrevit.

406 1353 603 1417 Willelmus
636 1353 727 1416 filius
764 1350 912 1416 Joannis
949 1351 1085 1415 comitis
1117 1350 1308 1429 Hauoniae,

193 1429 219 1459 ⁰'
276 1430 303 1460 ⁸¹²
356 1459 392 1514 et
414 1451 530 1518 Guido
556 1452 792 1536 Trajectensis
815 1451 1009 1533 episcopus,
1036 1450 1191 1535 ejusdem
1217 1452 1308 1515 Wil-

193 1530 206 1559 ο
287 1549 293 1560 ‘
355 1551 448 1615 lelmi
482 1560 640 1635 patruus,
676 1559 798 1616 contra
829 1550 1068 1625 Flandrenses,
1103 1552 1162 1633 qui
1197 1553 1309 1615 maxi·

356 1670 448 1715 mam
490 1659 625 1734 partem
658 1644 852 1715 ³Selandiae
891 1658 1159 1733 occupaverant,
1193 1652 1308 1732 praeli·

356 1758 455 1814 antes
484 1752 722 1828 succumbunt,
751 1758 854 1834 capto
886 1751 1061 1832 episcopo,
1091 1749 1150 1813 sed
1174 1750 1309 1815 Willel·

356 1868 412 1913 mo
443 1870 505 1934 per
532 1852 650 1932 fugam
682 1851 811 1934 elapso.
872 1849 972 1932 Papa
1004 1850 1211 1914 Benedictus
1238 1849 1310 1915 fra·

356 1956 443 2013 trem
481 1949 667 2015 Nicolaum
703 1950 746 2014 de
777 1950 885 2014 Prato
916 1950 1114 2032 episcopum
1148 1949 1309 2032 Spoleta-

357 2069 451 2127 num,
480 2051 524 2113 ad
554 2050 806 2114 cardinalatum
840 2069 1031 2127 assumens,
1061 2050 1144 2113 lecit
1172 2051 1307 2132 episco-

355 2169 436 2232 pum
461 2149 667 2215 Ostiensem.
720 2150 878 2215 Fratrem
901 2150 1005 2213 etiam
1027 2149 1239 2214 Willelmum
1263 2149 1307 2214 de

356 2248 619 2328 Makelesselde,
656 2251 829 2314 doctorem
869 2269 978 2313 sacrae
1016 2248 1212 2332 theologiae,
1249 2270 1307 2314 or-

355 2348 444 2413 dinis
472 2349 756 2427 Praedicatorum,
783 2349 922 2413 natione
947 2348 1146 2431 Anglicum,
1177 2348 1306 2414 dioece·

356 2449 404 2512 sis
428 2448 684 2526 (lovannensis,
712 2448 804 2513 tituli
831 2449 865 2513 S.
890 2449 1027 2512 Sabinae
1054 2448 1135 2512 fecit
1162 2450 1306 2532 presby·

358 2556 470 2612 terum
488 2550 697 2613 cardinalem
712 2567 722 2626 ;
749 2550 819 2631 qui,
831 2556 1015 2631 antequam
1034 2549 1078 2613 ad
1094 2569 1171 2613 eum
1186 2568 1305 2613 rumor

358 2650 562 2730 perveniret,
596 2649 802 2727 infirmatus,
833 2656 869 2714 et
899 2648 944 2712 ad
966 2657 1156 2713 extremam
1182 2647 1304 2713 horam

357 2748 556 2830 perductus,
571 2743 819 2835 ⁴[Cantuariae]
839 2750 874 2813 in
892 2749 1043 2813 Domino
1061 2749 1279 2813 obdormivit.

193 2872 309 2914 nareae
409 2848 490 2913 Hoc
521 2869 625 2926 anno,
655 2851 747 2913 circa
775 2849 979 2932 principium
1006 2847 1304 2930 Quadragesimae,

192 2928 261 2963 tweeu
271 2924 308 2962 the

194 2974 305 3014 soona
359 2947 453 3012 Scoti
479 2949 628 3013 latentes
651 2950 686 3012 in
713 2948 847 3013 insidiis
872 2948 1045 3013 loannem
1071 2947 1113 3012 do
1141 2947 1305 3029 Segrave,

196 3024 346 3123 &diffidis
358 3067 436 3110 cum
459 3049 578 3130 paucis
602 3050 744 3113 armatis
768 3057 1003 3114 transeuntem
1021 3048 1128 3131 juxta
1152 3056 1304 3113 castrum

194 3124 336 3165 lnwblchtbe
494 3148 533 3161 ..
913 3150 919 3162 .
981 3149 988 3162 .

194 3174 316 3215 ramam
358 3146 449 3229 quod
468 3147 593 3211 drcrtur
611 3147 824 3226 Puellarum,
845 3150 959 3212 subrto
979 3155 1200 3227 invaserunt3
1228 3168 1305 3231 per·

193 3225 314 3266 'mm'
357 3247 550 3329 emptisque
578 3246 657 3311 hinc
690 3249 769 3312 inde
803 3247 990 3325 nonnulliS,
1022 3247 1118 3313 Scoti
1150 3247 1308 3312 multitu-

357 3345 438 3410 dine
460 3347 701 3430 praevalentes,
728 3356 893 3430 ceperunt
918 3349 1054 3431 aliquos
1079 3347 1206 3413 milites
1228 3347 1304 3412 An-

356 3447 478 3528 glicos,
508 3449 599 3511 inter
630 3467 718 3530 quos
749 3456 784 3512 et
813 3449 927 3531 ipsum
955 3447 978 3511 J
982 3467 1127 3512 oannem
1158 3447 1304 3512 aliorum

355 3548 571 3630 capitaneum
612 3549 765 3629 graviter
800 3548 1041 3612 vulneratum:
1086 3547 1146 3611 sed
1184 3567 1307 3629 super-

356 3648 532 3711 venientes
556 3647 681 3711 milites
713 3647 773 3711 alii
801 3647 844 3711 de
878 3647 1031 3711 exercitu
1065 3646 1305 3727 Anglicorum,

353 3745 467 3828 ipsum
490 3746 513 3810 J
517 3765 663 3810 oannem
691 3765 714 3810 a
736 3746 807 3810 suis
836 3755 991 3830 ereptum
1014 3746 1217 3811 custodibus
1243 3748 1305 3811 ab·

390 3985 399 4019 ¹
415 3990 556 4039 ‘custodiae
574 3985 655 4051 suan⁸
674 3991 713 4040 M.
727 3994 752 4039 et
766 3989 814 4040 Ar.
875 3986 887 4021 ⁸
902 3990 965 4038 This
975 3989 1047 4038 word
1067 3989 1089 4038 is
1106 3989 1169 4039 from
1183 3990 1231 4041 Ar.
1248 3996 1308 4043 w).

353 4063 412 4110 mo.
843 4057 1213 4122 Cor.1teg.has⁴s‹elendia.’

389 4125 400 4156 '
415 4129 746 4191 ‘Columnenseequondum
760 4144 814 4179 car·

353 4199 452 4249 dinules
460 4195 477 4261 ς’
491 4200 528 4248 Μ.
876 4198 885 4228 ⁴
902 4199 964 4248 This
975 4199 1047 4248 word
1058 4199 1081 4247 is
1093 4198 1155 4248 from
1167 4200 1207 4249 M.
