2896 4860
575 400 760 450 runicus.
1078 388 1142 454 all

183 558 443 623 confessorum:
471 559 571 643 cujus
587 558 751 640 religiosa
768 558 936 623 sanctitas
958 559 1086 624 crebris
1106 572 1140 625 et

183 660 224 722 in
240 659 314 723 vita
330 666 366 723 et
379 659 416 723 in
434 668 543 724 morte
560 659 735 723 miraculis
754 659 908 723 noscitur
924 655 1112 724 claruisse.¹

238 758 367 823 Eodem
406 778 498 824 anno
534 759 658 824 statuit
697 778 789 842 papa
825 758 1062 837 Innocentius,
1099 769 1225 826 utrina

182 858 379 923 cardinales
408 859 551 942 capellis
580 858 695 923 rubeis
725 865 914 923 uterentur.
967 859 1138 940 Magister
1151 836 1232 870 ‘mm'
1351 884 1364 949 1

183 956 381 1036 Albericus,
408 959 536 1024 domini
564 979 666 1043 papae
693 959 860 1035 notarius,
885 959 929 1023 ab
952 959 1070 1023 eodem
1092 961 1134 1026 ad

183 1056 375 1122 Ricardum
389 1058 529 1124 fratrem
545 1059 636 1140 regis
651 1057 792 1140 Angliee
811 1058 971 1135 mittitur,
990 1059 1135 1124 offerens

180 1155 217 1221 ei
245 1177 389 1240 regnum
419 1157 580 1241 Apuliae;
607 1176 676 1240 quo
701 1177 772 1222 una
797 1178 874 1222 cum
897 1158 1041 1241 imperio
1068 1162 1135 1242 pri-

180 1266 326 1323 vaverat
343 1257 574 1322 Fredericum.
626 1257 693 1321 Sed
715 1256 866 1322 Ricardo
890 1260 1015 1322 comite
1032 1246 1134 1341 nego-

180 1357 271 1421 tium
284 1357 473 1435 differente,
488 1358 819 1441 supervenienteque
833 1358 903 1422 cito
918 1365 998 1441 post
1012 1351 1134 1423 'morte

180 1475 297 1540 papae,
320 1478 389 1522 non
413 1465 467 1522 est
486 1476 542 1521 res
567 1456 692 1521 sortita
714 1457 883 1522 effectum.
934 1455 1134 1523 Alexander

178 1556 362 1622 Scotorum
384 1577 447 1621 rex
467 1557 716 1638 Margaretam,
745 1557 850 1620 filiam
872 1556 964 1638 regis
983 1556 1132 1640 Angliae,

179 1656 286 1721 duxit
320 1676 484 1736 uxorem3
518 1656 561 1720 de
591 1676 661 1739 qua
693 1657 814 1738 genuit
852 1657 959 1721 filium
996 1659 1133 1724 nomine

179 1754 432 1834 Alexandrum,
452 1757 512 1840 qui
539 1756 723 1821 immatura
748 1764 857 1821 morte
885 1766 1017 1840 patrem
1044 1778 1132 1841 prae·

179 1857 288 1921 venit.
333 1856 449 1921 Aliam
466 1855 570 1920 filiam
589 1856 742 1940 ejusdem
767 1857 870 1938 regis,
890 1857 1027 1921 nomine
1046 1859 1132 1923 Bea-

179 1954 314 2032 tricem,
334 1956 469 2039 accepit
489 1956 561 2020 dux
589 1955 804 2035 Britannice3
837 1956 880 2019 de
909 1976 978 2039 qua
1001 1958 1131 2039 prolem

179 2056 303 2136 gennit
329 2074 559 2120 numerosam.
612 2056 695 2121 Fuit
722 2062 836 2121 autem
868 2057 934 2119 iste
963 2076 1073 2121 annus
1097 2059 1132 2121 in

178 2152 313 2237 Anglia
337 2163 435 2220 tanto
459 2155 585 2220 caloris
611 2164 648 2220 et
672 2155 839 2220 siccitatis
863 2175 1007 2219 excessu
1037 2167 1133 2222 uota-

180 2255 272 2332 bilis,
305 2263 344 2320 nt
369 2256 413 2320 ab
446 2274 487 2319 eo
515 2262 680 2339 tanquam
709 2254 836 2336 insigni
871 2255 1016 2319 termino
1050 2275 1132 2320 con·

178 2355 355 2420 sueveriut
372 2353 557 2437 aliquando
574 2355 730 2420 homines
747 2362 903 2438 tempora
921 2363 1131 2438 computare.

178 2453 214 2520 A
233 2455 347 2538 prima
372 2453 461 2519 euim
487 2455 543 2519 die
564 2456 686 2520 Martii
712 2473 821 2536 usque
848 2454 891 2519 ad
914 2453 1132 2538 Assumptio·

180 2574 259 2619 nem
274 2554 432 2637 Virginis
455 2555 615 2638 gloriosse
637 2555 733 2619 nulla
755 2554 878 2619 cecidit
894 2555 1013 2637 pluvia
1028 2574 1133 2637 super

178 2663 317 2721 terram.

230 2754 413 2821 Conradus
440 2755 476 2819 iu
501 2754 630 2839 Apulia
656 2754 862 2833 infirmatus,
884 2755 1046 2838 clystere,
1071 2757 1131 2837 qui
1146 2779 1248 2819 narrar

180 2874 202 2921 a
230 2856 372 2921 medicis
390 2855 613 2940 judicabatur
642 2855 715 2918 fieri
741 2855 785 2920 ad
814 2855 973 2931 salutem,
1000 2874 1132 2919 veneno
1145 2830 1226 2930 liiii?
1235 2831 1259 2868 ⁰s

179 2956 292 3021 mixto
306 2955 423 3021 intulit
439 2956 504 3019 sibi
522 2961 677 3019 mortem.
720 2954 876 3037 Reliquit
892 2961 1007 3020 autem
1023 2955 1130 3018 filium

179 3055 375 3140 parvulum,
390 3055 526 3121 nomine
542 3048 766 3132 ³(ionradum,
786 3055 887 3139 cujus
904 3055 968 3118 sibi
988 3055 1131 3119 tutelam

180 3154 384 3221 hlanfredus
424 3154 577 3239 ejusdem
615 3162 758 3237 patruus
796 3155 987 3238 usurpavit.
1051 3154 1131 3218 Hoc

178 3274 284 3333 anno,
317 3255 420 3319 tertio
454 3273 561 3319 nonas
595 3253 738 3336 Aprilis,
778 3255 898 3318 beatus
928 3247 1131 3333 ⁴Ricardus,

213 3446 223 3479 ¹
247 3449 298 3498 See
328 3446 488 3511 Papebroch‚
518 3446 556 3496 iii.
583 3449 641 3508 oto,
666 3447 726 3506 and,
748 3445 843 3508 having
862 3447 924 3495 been
943 3446 1086 3495 chancellor
1104 3452 1130 3495 to

177 3518 255 3582 April
272 3522 320 3577 2⁰3
341 3517 392 3567 sud
413 3532 430 3568 a
450 3521 639 3577 contemporary
667 3516 704 3566 St.
718 3516 836 3565 Edmund
854 3516 883 3565 oi
897 3517 1064 3578 Canterbury,
1076 3532 1130 3565 wne

177 3588 235 3639 site
251 3587 282 3637 ot
297 3588 335 3636 St.
344 3588 431 3647 Peter,
447 3585 582 3636 sumamed
599 3585 641 3634 the
666 3587 801 3636 continued
818 3587 844 3635 in
859 3586 914 3635 that
924 3586 994 3638 cilice
1008 3587 1040 3646 by
1054 3587 1131 3634 Boni-

177 3658 341 3719 Dcmiuicsn,
355 3657 390 3718 by
407 3657 437 3706 F.
447 3656 558 3705 Thomas
573 3656 642 3717 spui
667 3654 722 3705 iace
742 3656 771 3705 oi
786 3657 879 3718 Seroy,
896 3656 938 3705 the
957 3650 1059 3718 queen’s
1076 3657 1132 3705 bro-

179 3729 213 3779 de
235 3728 359 3787 lentium
382 3726 437 3776 also
459 3726 554 3788 Script.
577 3723 641 3776 Ord.
668 3725 788 3788 ther,snd
801 3726 1132 3788 promotedtotbebisbop·

178 3798 286 3849 Prodi.
297 3801 355 3847 ⁸⁶⁰.
667 3796 724 3844 rick
735 3794 764 3844 oi
770 3795 918 3845 chichester
929 3796 955 3844 in
967 3799 1039 3856 lats,
1051 3795 1076 3842 in
1088 3797 1131 3843 the

212 3865 224 3901 ¹
239 3869 358 3917 ‘mortem
369 3866 386 3927 ;'
400 3866 440 3915 M.
447 3869 472 3914 st
483 3867 532 3914 Ar.
668 3880 736 3915 room
748 3865 777 3914 oi
789 3880 820 3914 an
837 3865 972 3927 unworthy
982 3865 1095 3913 nominee
1106 3865 1135 3913 oi

203 3930 642 3996 -⁸‘conrsdinum;’1?s.etsr.,
669 3936 711 3984 the
734 3936 805 3996 iring,
828 3936 885 3984 who
908 3936 934 3983 in
956 3949 1130 3995 consequence

177 4009 326 4072 expressive
340 4006 370 4056 oi
383 4006 423 4055 his
432 4006 567 4068 jnniority,
583 4020 643 4066 says
669 4005 790 4065 deprived
803 4005 853 4052 him
863 4005 891 4054 oi
899 4005 940 4052 his
950 4005 1131 4065 temporalitics

178 4080 252 4130 issu.
669 4073 707 4123 ior
722 4080 774 4123 two
792 4089 875 4134 years.
911 4074 953 4122 lle
968 4074 1028 4122 died
1044 4089 1075 4121 on
1090 4074 1132 4124 the

211 4148 223 4180 ⁴
246 4146 360 4197 Richard
396 4146 429 4194 de
460 4144 558 4206 Wyche
590 4158 645 4192 was
671 4144 716 4193 trd
729 4144 759 4194 oi
772 4144 846 4206 April
864 4147 936 4204 lasa,
953 4143 1088 4203 according
1107 4148 1132 4191 to

176 4222 239 4270 horn
264 4230 327 4267 near
351 4216 491 4265 Worcsster
518 4215 545 4265 in
569 4217 643 4274 1197,
671 4213 875 4274 soms,audwss
886 4213 1023 4264 canonised
1037 4214 1071 4273 by
1084 4213 1133 4261 Ur·

960 4305 983 4352 R
