2896 4860
568 382 751 431 caninas,
1072 370 1137 434 207

176 535 295 600 sanis:
321 536 410 601 unde
428 538 495 602 tria
512 549 627 604 castra
643 560 720 624 quae
743 542 845 606 beato
867 541 1049 607 Dominico
1074 564 1136 626 pro

178 638 432 703 sustentatione
449 639 594 703 fratrum
610 661 749 706 suornm
767 641 896 707 collata
921 651 1033 720 erant,
1053 644 1137 708 data

179 745 262 803 sunt
285 740 461 803 sororibus
488 742 687 805 monasterii
709 741 878 807 Pruliani.
932 742 1012 808 Hoc
1044 763 1136 807 anno
1149 763 1284 854 gemtor

180 836 309 916 clerici,
341 840 401 922 qui
430 839 522 904 infra
552 849 702 906 castrum
731 843 824 924 regis
849 843 942 926 apud
971 844 1134 909 Veterem
1150 865 1264 913 sunam.

180 935 306 1003 Sarum
332 942 530 1018 manebant,
558 961 627 1005 nna
654 961 731 1006 cum
766 942 847 1006 sede
878 943 1065 1027 episcopali
1092 946 1136 1008 ad

180 1037 300 1103 viliam
326 1040 492 1124 episcopi,
514 1060 592 1124 quae
618 1062 708 1106 nnnc
731 1040 837 1107 Nova
852 1043 976 1108 Sarum
996 1044 1135 1122 dicitnr,

180 1146 216 1204 et
232 1140 417 1223 privilegio
436 1141 589 1207 civitatis
613 1143 743 1207 donata
763 1151 817 1208 est
833 1162 856 1208 a
870 1164 952 1227 rege
970 1145 1137 1222 Honrico,

181 1241 463 1322 transferuntnr3
506 1250 713 1325 procurante
753 1244 931 1326 negotium
974 1247 1136 1328 episcopo

181 1338 433 1406 Saresberiensi
459 1340 622 1421 Ricardo,
654 1350 690 1408 et
717 1344 837 1409 eodem
869 1365 950 1429 rege
978 1346 1137 1411 devotius

182 1448 367 1507 annuente.

241 1930 436 2010 Israsuus,
474 1941 585 1998 mator
621 1934 714 2016 regis
751 1931 903 2014 Angliae,
941 1933 1137 2015 irrequisito
1151 1954 1258 1993 irrina.

186 2025 272 2097 'filio
300 2033 355 2098 vel
385 2032 521 2098 consilii
549 2033 604 2097 sui
634 2053 818 2111 consensu,
848 2033 1079 2098 transfretans
1102 2035 1137 2098 in
1152 2005 1245 2043 P⁰¹⁰‘⁰¹¹'

187 2131 353 2211 Galliam,
376 2133 496 2217 nupsit
526 2133 643 2198 comiti
672 2133 851 2211 Marchiae,
880 2134 950 2198 filio
975 2134 1137 2216 Hugonis

187 2232 298 2311 Brun,
315 2234 375 2316 qui
394 2233 513 2299 statim
536 2233 696 2315 quaedam
718 2242 834 2299 castra
854 2234 947 2317 regis
969 2234 1006 2297 in
1023 2234 1138 2300 Picta·

186 2334 244 2401 via
260 2335 296 2398 in
312 2352 416 2397 manu
432 2352 638 2416 expugnans
654 2333 769 2399 valida
780 2333 973 2417 occupavit.
1007 2335 1138 2399 Eodem

187 2453 279 2499 anno
306 2433 503 2499 Willelmus
528 2435 572 2500 de
605 2434 781 2513 Fortibus,
810 2454 925 2500 comes
957 2434 999 2498 de
1029 2432 1139 2499 Alba·

188 2532 318 2612 Marla,
341 2534 377 2597 in
398 2534 565 2599 comitatu
593 2534 783 2600 Lincolniae
807 2536 936 2600 multos
961 2535 1006 2599 ad
1030 2534 1139 2600 rebel-

187 2634 313 2700 lionem
345 2635 555 2700 commovit:
592 2636 652 2718 qui
684 2635 765 2699 dum
797 2635 842 2700 ad
873 2629 1012 2718 ²paoem
1047 2636 1139 2717 regis

188 2735 308 2800 venire
324 2736 527 2812 contemnit,
545 2755 569 2799 a
584 2735 723 2800 domino
745 2735 918 2800 Pandnlio
940 2735 1139 2818 apostolicae

189 2835 282 2901 sedis
311 2835 428 2919 legato
454 2835 819 2901 excommunicationis
844 2836 1017 2899 sententia
1042 2835 1140 2899 inno-

188 2935 315 3013 datur,
339 2956 439 3019 quem
462 2935 566 2999 etiam
586 2956 648 3001 rex
667 2955 745 2999 cum
759 2936 950 3001 fautoribus
964 2935 1140 3017 subigens,

189 3036 356 3119 quosdam
372 3034 537 3101 carcerali
555 3036 732 3112 eustodiae,
751 3035 919 3119 quosdam
937 3036 1044 3100 exilio
1062 3056 1140 3119 per·

188 3145 295 3221 petuo
327 3136 579 3201 condemnarit.
638 3137 792 3200 Fuerunt
822 3136 959 3219 quidam
991 3136 1050 3201 alii
1076 3137 1142 3201 viri

190 3236 321 3321 magni,
346 3238 406 3319 qui
431 3236 651 3312 munitiones
677 3243 713 3299 et
736 3242 863 3313 castra,
890 3237 1141 3318 possessiones-

191 3356 259 3421 que
275 3336 365 3405 alias
383 3337 475 3419 rogis
492 3329 699 3400 ³dominicas
716 3334 848 3419 injusto
872 3335 1021 3401 dominio
1043 3356 1140 3400 usur-

190 3438 345 3521 pabant:
371 3436 462 3501 inter
476 3455 564 3520 quos
580 3435 744 3519 praecipui
765 3443 865 3501 erant
883 3435 1077 3500 Faukesius
1099 3437 1141 3501 de

191 3536 354 3614 Breante,
370 3536 430 3620 qui
444 3536 628 3602 comitatus
648 3534 961 3620 Northamptoniae,
980 3536 1141 3615 Oxoniae,

190 3636 469 3721 Bukinghamiee,
488 3635 703 3701 Bedesordiae
726 3655 803 3701 cum
825 3637 948 3701 castris
972 3645 1008 3702 et
1035 3638 1143 3702 sores·

189 3738 235 3803 tis
247 3738 515 3823 adjacentibus3
538 3735 665 3802 Petrus
682 3737 724 3801 de
741 3736 964 3815 Malo-Lacu,
987 3738 1046 3820 qui
1068 3757 1142 3803 cas·

190 3845 244 3903 tra
257 3837 303 3904 de
319 3832 429 3903 ⁴Cors
441 3846 477 3904 et
492 3837 535 3902 de
553 3837 814 3916 Scbireboume,
828 3849 904 3902 cum
923 3839 1143 3902 comitatibus

226 4062 312 4113 ΙἸΊιίι
334 4064 356 4113 is
380 4063 443 4112 from
466 4063 505 4112 M.
521 4062 572 4112 and
591 4062 656 4111 Aa:
716 4060 974 4112 ⁸OnrittodinD'A.

193 4136 252 4185 Gari.
265 4135 329 4196 Reg.
341 4133 388 4183 bas
398 4134 406 4160 ‘
416 4128 480 4183 ulii?

232 4202 535 4268 '‘pedem;·t1.ersr.
718 4198 861 4266 “Corsos
875 4203 912 4252 M.
