2896 4860
563 399 747 448 aurnuns.
1064 383 1129 449 361

176 552 314 619 diversa
332 554 490 638 tallagia,
510 557 655 636 auxilia,
674 559 786 641 prisas
808 557 968 623 videlicet
987 558 1029 623 de
1048 579 1128 623 ave·
1141 572 1275 666 mmor

178 655 245 732 nis,
271 654 462 735 frumentis,
488 656 621 736 brasen,
648 659 750 737 lanis,
772 659 1270 737 οοτίἰε,1)οῑ)ιιε,νιιο-κῆσνιυεει

177 756 238 832 cis,
263 757 425 821 carnibus
454 757 569 836 salsis,
599 759 673 823 sine
695 760 867 824 solutione
892 759 1039 845 alicujus
1068 760 1128 824 de-

178 856 276 932 narii,
295 857 338 920 de
353 858 478 940 quibus
491 858 681 924 debuerant
697 879 734 923 se
752 867 976 923 sustentasse.

222 956 384 1021 ‘Praeter
412 951 494 1022 ¹hoc
527 959 658 1037 dicunt,
691 960 783 1043 quod
818 959 987 1023 auxilinm
1015 959 1128 1025 facere

178 1075 247 1119 uon
274 1066 420 1140 possunt
446 1067 588 1141 propter
612 1066 864 1143 paupertatem,
886 1059 923 1122 in
952 1078 1022 1142 qua
1047 1067 1129 1125 sunt

178 1165 320 1239 propter
349 1158 495 1241 tallagia
520 1167 555 1224 et
577 1160 689 1241 prisas
718 1159 933 1238 antedictas3
962 1160 1045 1243 quia
1068 1160 1129 1224 vix

176 1256 307 1323 habent
336 1257 428 1321 unde
459 1278 497 1322 se
520 1252 745 1337 'sustentent
771 1268 806 1325 et
837 1259 937 1323 multi
964 1269 1045 1326 sunt
1070 1261 1130 1344 qui

178 1356 309 1421 nuliam
336 1360 623 1423 sustentationem
654 1359 795 1437 habent,
824 1379 887 1423 nec
913 1367 1025 1425 terras
1047 1380 1130 1424 suas

178 1456 291 1522 colere
308 1467 465 1540 possunt.

229 1558 394 1623 ‘Praeter
420 1558 507 1636 haec,
532 1566 607 1624 tota
635 1560 865 1624 communitas
894 1566 996 1624 terrae
1026 1560 1131 1625 sentit

178 1659 343 1723 sevaldo
373 1666 568 1742 gravatam,
599 1660 681 1743 quia
712 1679 781 1725 non
811 1667 980 1724 tractatur
1010 1679 1131 1723 sacim-

179 1757 261 1821 dum
296 1759 392 1840 leges
422 1767 457 1824 et
496 1760 763 1826 consuetudines
797 1768 911 1837 terrae,
944 1760 1130 1824 secundum

179 1877 267 1941 quas
292 1861 434 1924 tractari
457 1862 693 1925 antecessores
715 1860 770 1926 sui
792 1861 962 1938 solebant,
982 1880 1045 1924 nec
1071 1860 1131 1924 ha-

180 1959 261 2023 bent
283 1958 460 2024 libertates
482 1979 570 2043 quas
591 1961 749 2027 solebant
772 1960 908 2038 habere,
927 1960 986 2024 sed
1010 1960 1131 2024 volun·

180 2060 267 2123 tario
284 2059 524 2124 excluduntur.

230 2158 421 2223 ‘Sentiunt
450 2179 488 2223 se
519 2160 623 2223 etiam
655 2160 800 2224 multum
832 2167 997 2242 gravatos
1027 2180 1131 2242 super

181 2259 257 2336 hoc,
278 2259 369 2342 quod
396 2259 555 2324 solebant
582 2260 724 2324 tractari
747 2260 937 2324 secundum
966 2259 1131 2324 articulos

180 2367 359 2423 contentos
374 2360 409 2423 in
426 2359 560 2442 Magna
575 2359 718 2437 Charta,
738 2361 839 2444 quus
854 2359 991 2425 articuli
1013 2379 1130 2425 omnes

180 2467 262 2523 sunt
292 2460 407 2523 omissi
439 2460 475 2523 in
507 2459 622 2544 majus
645 2460 807 2523 damnum
836 2460 966 2543 popuii.
1019 2459 1131 2543 Prop-

182 2566 236 2623 ter
256 2560 347 2642 quod
366 2567 492 2642 rogant
512 2560 687 2624 dominum
710 2567 865 2624 nostrum
888 2579 1014 2642 regem,
1040 2561 1132 2643 quod

181 2660 265 2724 velit
287 2660 356 2723 ista
380 2659 552 2741 corrigere
578 2659 621 2724 ad
649 2660 811 2725 honorem
836 2679 937 2723 suum
959 2667 995 2724 et
1017 2661 1133 2726 salva·

182 2759 309 2824 tionem
328 2760 448 2844 popuii
468 2761 534 2824 sui.

231 2859 396 2924 ‘Praeter
418 2860 503 2939 haec,
526 2860 754 2926 communitas
779 2867 881 2925 terrae
907 2861 1013 2926 sentit
1031 2861 1132 2925 nimis

181 2980 219 3024 se
251 2970 431 3042 gravatam
466 2961 509 3026 de
543 2962 657 3025 assisa
683 2960 837 3037 forestae,
870 2981 949 3044 quae
982 2980 1050 3025 nou
1080 2970 1134 3027 est

182 3060 356 3125 custodita
388 3061 477 3126 sicut
504 3061 696 3139 consuevit,
722 3081 785 3126 nec
815 3059 947 3126 Charta
979 3061 1133 3126 Forestae

182 3162 396 3238 observatur,
431 3161 492 3225 sed
522 3163 609 3225 fiunt
640 3161 912 3226 attachiamenta
938 3181 1000 3244 pro
1030 3162 1133 3226 libitu

182 3268 283 3326 extra
300 3261 444 3325 assisam
464 3261 565 3326 aliter
581 3280 686 3344 quam
703 3262 776 3326 fieri
792 3256 981 3327 ³solebant.

234 3361 437 3425 ‘Proeterea
460 3368 536 3425 tota
566 3362 793 3427 communitas
819 3363 925 3427 sentit
947 3381 984 3426 se
1007 3381 1132 3444 grava·

184 3469 255 3525 tam
269 3455 330 3525 ⁴de
353 3461 516 3543 vectigali
542 3461 712 3537 lanarum,
737 3460 828 3544 quod
849 3462 951 3525 nimis
973 3470 1027 3527 est
1054 3481 1133 3526 one-

184 3581 321 3641 rosum;
349 3560 510 3626 videlicet
536 3561 579 3625 de
602 3560 755 3643 quolibet
778 3579 879 3624 sacco
901 3561 1133 3644 quadraginta

182 3660 323 3739 solidos,
357 3668 391 3725 et
426 3660 469 3725 de
504 3661 585 3724 lana
625 3660 736 3724 fracta
767 3660 810 3725 de
842 3661 997 3743 quolibet
1030 3679 1132 3726 sacco

181 3769 311 3844 septem
346 3781 493 3826 marcas.
565 3760 661 3825 Lana
690 3761 779 3825 enim
809 3758 948 3844 Angliae
979 3761 1134 3827 ascendit

219 3983 225 4013 ¹
242 3985 316 4035 ‘haec
324 3985 344 4047 ;’
355 3985 402 4035 Ar.
705 3980 716 4012 ³
731 3983 874 4046 ‘michan'
885 3983 945 4036 Aa:
957 3986 965 4014 ‘
976 3983 1134 4050 cousuevit3'

217 4124 227 4153 ²
242 4120 419 4184 ‘sustineanti
434 4124 479 4175 Ar.
671 4054 832 4244 ἶτιξὶῖἑιὲιὶ
840 4123 1135 4191 ωΙίᾱεΙιγιιω;’οής.,

700 4210 748 4245 em.
811 4231 818 4245 .
