2896 4860
364 386 430 452 334
720 400 791 448 mc.
815 399 963 448 curvum

364 560 658 643 archiepiscopum
689 559 973 625 Cantuariensom
1000 559 1035 622 in
1068 557 1164 622 curia
1196 576 1315 622 conse-

364 671 494 740 cratus,
517 662 553 725 iu
585 659 748 742 Angliam
777 661 929 736 veniens,
957 658 1087 724 Joauui
1115 659 1158 723 de
1192 657 1315 723 Mone-

365 762 485 827 mutha
502 762 636 826 doctori
652 760 836 843 theologiae
851 762 1086 844 episcopatum
1107 759 1314 824 Laudaveu·

365 882 438 927 sem
467 863 675 927 auctoritate
701 861 819 975 papali
848 860 1006 938 contulit,
1036 861 1096 943 qui
1114 859 1188 944 jam
1212 879 1317 924 raca-

206 981 333 1022 neeuonor
366 971 464 1028 verat
489 963 609 1027 multis
637 962 745 1026 annis
804 961 848 1025 In
878 961 998 1043 vigilia
1028 969 1143 1025 autem
1173 959 1314 1025 Natalis

207 1033 305 1123 lilim
367 1064 508 1128 Domini
524 1063 616 1146 apud
636 1061 851 1146 Neapolim'
842 1082 877 1125 1u
897 1081 1024 1144 papam
1047 1062 1187 1144 eligitur
1204 1061 1316 1125 Bene·

366 1164 479 1229 dictus
506 1157 707 1249 Cajeta'uus,
731 1163 871 1228 natione
894 1161 1106 1246 CampanuS,
1127 1162 1170 1226 de
1192 1160 1313 1244 Anag-

367 1265 426 1329 nia
449 1265 600 1329 civitate.
653 1263 724 1327 Hic
752 1262 953 1328 Bonifaoius
984 1270 1130 1327 octavus
1157 1270 1315 1338 vocatus,

366 1366 485 1430 statim
503 1372 583 1449 post
603 1384 701 1429 suam
723 1365 930 1429 creationem
951 1364 1151 1447 episcopum
1174 1362 1314 1427 Ostien-

367 1484 438 1529 sem
466 1485 569 1548 super
594 1465 799 1547 quibusdam
826 1465 862 1528 iu
884 1464 1072 1547 praesentin
1090 1463 1314 1528 cardinalium

367 1584 518 1648 arguens
539 1558 744 1643 durissime,¹
761 1564 859 1648 pallii
879 1585 942 1629 usu
964 1565 1139 1647 privavit3
1164 1571 1199 1628 et
1214 1563 1315 1627 nihil-

368 1667 503 1730 ominus
528 1667 572 1730 ab
596 1666 714 1730 eodem
732 1673 812 1730 ante
833 1665 1087 1730 restitutionem
1105 1664 1201 1747 pallii
1218 1649 1316 1729 coro-

207 1783 295 1822 Μηνᾶ
369 1774 482 1830 natur.
553 1765 632 1830 Rex
667 1773 781 1830 autem
816 1765 955 1848 Angliae
987 1766 1080 1849 apud
1111 1759 1313 1830 ²Abercouu

206 1833 310 1883 pmetth
311 1843 323 1871 e

206 1884 300 1974 roffi
302 1943 325 1972 n
334 1936 356 1972 a
368 1866 494 1931 festum
521 1867 633 1930 tenuit
659 1866 865 1931 Natiuitatis
892 1866 1096 1944 Dominicae,
1123 1865 1181 1930 ubi
1204 1865 1316 1929 archi·

207 1986 355 2034 Anemonwu
369 1968 567 2083 episcopum
610 1967 896 2032 Cantuarieosem
944 1966 988 2030 ad
1027 1987 1065 2031 se
1112 1967 1316 2044 venientem,

368 2069 474 2132 misso
495 2067 527 2131 ei
552 2068 688 2133 obviam
715 2067 759 2133 ad
782 2086 939 2131 securum
959 2067 1165 2131 conductum
1190 2066 1317 2132 lacien-

369 2168 449 2232 dum
476 2167 601 2232 clerico
630 2169 780 2253 quodam
805 2168 941 2233 Joanne
963 2168 1006 2232 de
1035 2168 1211 2232 Berewico
1236 2187 1316 2233 cum

370 2289 473 2333 manu
491 2276 638 2346 armata,
655 2271 807 2351 gratiose
822 2269 975 2351 recepit;
1006 2276 1041 2332 et
1059 2268 1223 2333 fidelitate
1240 2268 1316 2352 ojus

369 2390 473 2453 quam
496 2389 540 2433 ex
558 2389 653 2433 more
676 2377 811 2436 tenetur
827 2369 902 2451 regi
923 2369 1035 2434 lacere
1052 2369 1214 2446 admissa,
1238 2389 1316 2433 cum

370 2470 488 2536 favore
506 2470 648 2534 remisit.

1160 2688 1297 2724 anctorum
1312 2679 1316 2707 ¹

1122 2797 1128 2813 t
1158 2776 1275 2811 unwano!
1285 2777 1302 2812 Ι.

208 2992 333 3031 sanast.
421 2973 466 3037 Iu
506 2972 562 3036 die
602 2971 881 3037 circumcisionis
920 2973 1062 3037 Domini
1096 2973 1231 3039 reddita
1263 2984 1316 3040 est

207 3043 332 3142 llllllkl‘
370 3072 500 3138 Joanni
533 3073 576 3137 de
604 3072 734 3136 Sancto
769 3070 908 3138 Joanne
942 3074 1066 3138 civitas
1101 3075 1317 3153 Baionensis,

208 3144 315 3194 ”mm
370 3193 475 3257 quam
509 3173 564 3237 die
588 3165 823 3256 ³praecedente
848 3183 1013 3257 ceperant
1040 3182 1155 3238 nautae
1186 3176 1321 3242 fortiter

371 3280 630 3358 expugnatam
663 3273 861 3358 multosque
886 3275 928 3338 de
956 3275 1101 3353 civibus,
1130 3295 1218 3359 quos
1244 3277 1318 3360 regi

371 3373 565 3457 Auglorum
598 3374 775 3438 adversari
803 3382 1016 3459 compertum
1050 3384 1115 3454 est,
1153 3377 1319 3460 praefatus

370 3474 527 3541 Joannes
559 3483 682 3558 captos
719 3475 756 3538 in
788 3473 951 3557 Angliam
985 3497 1047 3560 per
1080 3495 1174 3542 mare
1204 3486 1318 3543 trans·
1388 3516 1396 3529 -

371 3577 485 3657 misit3
525 3575 739 3640 obsidionem
768 3596 850 3640 vero
883 3577 1000 3659 posuit
1035 3579 1125 3641 circa
1154 3587 1319 3657 castrum,

370 3677 462 3760 quod
485 3685 565 3760 post
585 3675 659 3740 dies
682 3684 761 3741 octo
783 3675 887 3760 cepit,
909 3677 1154 3762 dominumque
1178 3678 1319 3762 Asperi-

405 3827 413 3857 ¹
432 3828 616 3892 Wnlsiugham,
627 3845 654 3891 p.
670 3834 712 3891 25,
723 3844 793 3891 says,
806 3831 832 3878 iu
856 3830 898 3880 the
914 3831 1047 3881 meeliness
1059 3833 1089 3881 ol
1097 3833 1232 3895 Celestiue,
1243 3834 1319 3883 while

369 3915 417 3949 oue
445 3900 475 3949 oi
493 3900 533 3949 his
556 3901 755 3962 interpolatione,
778 3900 833 3949 that
856 3901 898 3950 the
907 3902 1020 3951 violence
1031 3903 1060 3952 oi
1067 3904 1319 3954 Bouifacehusbeen

370 3969 498 4020 Celestiue
510 3970 566 4020 said
583 3975 608 4018 to
621 3970 752 4032 Boniince,
767 3972 833 4020 ‘As-
857 3972 933 4021 much
951 3974 1133 4037 exaggerated,
1154 3989 1194 4023 we
1216 3990 1259 4025 ure
1283 3977 1320 4024 in-

370 4041 477 4090 cendisti
498 4045 527 4089 ut
544 4041 644 4102 vulpes,
666 4042 783 4103 regnabis
805 4046 833 4091 ut
857 4043 939 4092 cliued
951 4048 977 4091 to
992 4043 1064 4092 think
1083 4043 1125 4093 the
1143 4045 1263 4095 anecdota
1275 4048 1320 4095 be-

369 4111 419 4173 leo,
437 4111 551 4160 morieris
574 4116 603 4160 ut
621 4113 692 4161 canis
702 4107 716 4170 ;’
739 4113 786 4161 but
804 4127 833 4161 us
858 4114 930 4175 longo
941 4119 966 4162 to
976 4129 992 4162 a
1002 4115 1078 4163 much
1089 4116 1154 4164 later
1164 4131 1220 4178 age.

369 4182 456 4230 Trivet
467 4182 529 4231 does
541 4186 584 4230 not
591 4183 700 4230 mention
713 4181 772 4243 this,
783 4183 832 4231 and
892 4179 903 4213 ²
919 4185 1066 4234 ‘Abertouu
1076 4183 1092 4246 ς’
1107 4187 1167 4236 Cod.
1180 4188 1243 4249 neg.

369 4252 411 4301 the
426 4253 548 4303 anecdote
568 4254 591 4301 is
605 4257 632 4301 at
643 4254 759 4302 voriuuce
770 4253 832 4303 with
893 4251 904 4284 ⁸
919 4255 1087 4317 ‘praecedeuti
1097 4257 1116 4317 ς’
1127 4256 1209 4307 MSS.
