2896 4860
170 886 305 935 suetum
376 872 566 937 Rronnous
590 886 650 933 rex
667 870 757 951 apud
775 869 1002 937 Andeliacum
1019 885 1169 938 castrum
1188 893 1270 938 con-

167 938 296 985 ⁸¹th

168 992 280 1035 eremo
253 973 450 1081 MLrestruxit
478 971 620 1051 insigne.
674 964 872 1037 ¹Hubertus
905 973 1183 1056 archiepiscopus
1214 995 1270 1039 ec·

168 1040 299 1087 ΜΒΝ.

324 1072 501 1148 clesiam,
492 1091 526 1134 m
553 1070 681 1135 honore
700 1072 790 1136 beati
807 1073 951 1137 Theman
975 1074 1152 1138 fundatam
1176 1074 1267 1157 apud

323 1171 535 1249 'Lambetho
559 1190 661 1254 quarn
690 1173 921 1255 praedecessor
945 1175 1021 1258 ejus
1048 1175 1268 1240 Baldewinus

323 1276 552 1348 inchoaverat,
570 1272 612 1335 de
629 1273 793 1338 mandato
808 1274 936 1345 domini
952 1294 1052 1358 papae
1072 1275 1267 1340 innocentii

323 1377 413 1445 tertii
445 1373 627 1438 demolitus
660 1381 723 1438 est.
778 1374 982 1452 willelmus,
1016 1396 1142 1457 genere
1176 1376 1269 1441 Nor·

322 1494 475 1551 mannus,
506 1474 543 1538 fit
572 1473 822 1538 Londoniensis
850 1477 1042 1559 episcopus.
1096 1476 1268 1541 Ricardus

322 1598 382 1645 rex
399 1595 473 1641 cum
493 1574 635 1637 militem
658 1575 828 1656 quendam
852 1596 957 1660 super
977 1578 1177 1641 inventione
1193 1577 1268 1642 the·

321 1679 412 1745 sauri
434 1676 615 1741 convenire
632 1676 809 1752 voluisset,
833 1697 932 1759 quem
957 1678 1071 1742 solent
1087 1679 1153 1741 sibi
1175 1680 1269 1761 prin·

321 1782 411 1864 cipes
429 1776 614 1852 vindicare,
640 1783 804 1858 tanquam
828 1777 863 1840 in
883 1777 947 1842 hoc
973 1779 1022 1842 eis
1044 1779 1268 1861 singulariter

320 1887 441 1945 natura
457 1876 640 1951 deserviat,
658 1878 788 1940 veritus
812 1878 869 1941 ille
889 1879 1107 1942 severitatem
1135 1881 1265 1962 regiam

320 1981 362 2045 ad
403 1972 653 2041 ³vicocomitem
687 1976 965 2042 Lemovicensom
1008 1980 1166 2062 aufugit3
1209 1980 1268 2063 qui

320 2086 460 2162 rogatus
483 2095 607 2158 aroge
631 2085 669 2140 ut
690 2078 830 2142 militem
855 2078 1023 2154 redderet,
1048 2100 1267 2163 comparere

319 2179 540 2262 neglexisset,
569 2197 631 2240 rex
664 2185 772 2242 terras
806 2179 882 2262 ejus
913 2179 1089 2262 ingressus
1113 2189 1265 2245 castrum

320 2278 501 2364 quoddam,
517 2278 608 2360 qnod
622 2271 770 2343 ⁴Calucu
788 2279 924 2358 dicitur,
943 2281 1049 2365 juxta
1065 2280 1267 2345 Lemovices

321 2380 465 2456 obsedit,
497 2387 531 2443 et
561 2378 695 2442 sortiter
727 2380 954 2463 impugnavit.
1006 2382 1160 2464 Septimo
1186 2402 1267 2446 vero

320 2482 384 2547 cal.
401 2479 543 2562 Aprilis,
564 2479 643 2543 dum
669 2489 818 2544 castrum
841 2482 1088 2547 considerando
1109 2483 1267 2547 circuiret

272 2632 276 2641 .
322 2582 471 2658 inermis,
485 2580 600 2644 subito
617 2581 751 2645 balistae
769 2582 888 2665 jaculo
909 2584 943 2646 in
968 2583 1109 2647 humero
1127 2584 1266 2648 sinistro

257 2682 262 2694 '
321 2682 415 2749 letali
438 2680 632 2746 confoditur
648 2682 798 2746 vulnero.
846 2683 1019 2767 Incipiens
1042 2692 1156 2747 autem
1180 2686 1266 2767 peri·

321 2783 444 2855 clitari‚
473 2793 541 2846 tres
564 2781 694 2846 ordinis
717 2782 956 2849 Cistcrciensis
978 2779 1181 2849 ⁵accersisse
1202 2784 1267 2849 ser·

321 2895 378 2951 tur
399 2885 553 2959 abbateS,
577 2883 700 2966 quibus
722 2885 836 2948 omnia
852 2895 994 2967 peccata
1011 2905 1076 2949 sua
1089 2885 1266 2950 confessos

320 2995 373 3051 est
407 3004 483 3049 cum
515 2984 668 3065 singultu
700 2995 734 3049 et
764 2984 858 3049 fletu.
911 2985 1008 3065 Quos
1038 3005 1113 3049 curn
1144 2986 1188 3049 ad
1218 2988 1267 3050 in·

316 3086 530 3172 jungendam
552 3086 614 3148 sibi
641 3085 695 3148 vol
724 3086 1000 3150 innotescendam
1028 3087 1263 3169 poenitentiam

320 3188 505 3252 salutarem
534 3194 688 3250 cerneret
717 3188 941 3270 stupefactos,
971 3187 1071 3265 dixit,
1097 3188 1170 3252 ‘Ut
1195 3189 1266 3271 pla·

318 3299 415 3354 cetur
438 3288 556 3372 justus
578 3286 696 3350 Judex
725 3287 842 3365 Duos,
864 3308 1000 3370 poenam
1030 3289 1261 3371 purgatoriam

354 3512 362 3545 ¹
381 3516 554 3564 ‘Hnmbertus
564 3510 578 3573 ;’
591 3509 657 3563 D'A.
839 3513 849 3543 ³
866 3516 984 3578 Namely,
1000 3515 1131 3577 videmur,
1152 3518 1264 3567 viscount

353 3582 364 3612 ¹
379 3585 387 3614 ‘
404 3586 541 3634 anhethe
554 3586 574 3645 ;'
612 3586 671 3634 Cod.
695 3586 779 3647 Rern:
804 3586 832 3636 ol
842 3588 967 3648 Limoges.

317 3656 462 3718 ‘Lamheye
471 3653 487 3715 ;’
500 3656 539 3706 Μ.
551 3660 575 3705 et
587 3657 633 3704 Ar.
656 3656 780 3718 Compare

318 3726 418 3786 iliceto,
437 3727 486 3776 col.
505 3730 563 3787 705,
581 3727 644 3774 with
667 3732 724 3775 ante
747 3727 779 3775 ad
837 3724 1007 3776 “Chalouns
1015 3721 1029 3787 ;’
1041 3726 1083 3776 Fr.
1091 3727 1134 3778 Tr.
1158 3728 1262 3779 chaun

317 3813 376 3847 nnn.
390 3802 461 3847 11⁸8.
502 3798 557 3846 The
570 3804 693 3859 apparent
704 3812 780 3846 cause
806 3798 905 3857 iliceto,
925 3798 973 3846 col.
993 3801 1051 3858 ⁷05,
1070 3799 1120 3847 and
1141 3799 1224 3861 Roget
1238 3797 1265 3846 of

318 3869 355 3917 ior
367 3870 399 3917 its
418 3869 561 3918 dcurolition
581 3884 661 3917 seems
676 3875 701 3918 to
716 3868 780 3916 have
806 3868 1260 3931 Wendover,iii.ru⁵,saymewoumt

317 3941 400 3989 nrisen
418 3940 479 3988 from
496 3939 551 3988 sear
565 3940 614 3988 lest
629 3939 671 3989 the
687 3944 741 3988 seat
756 3939 784 3987 ol
805 3955 859 3989 was
870 3939 980 3988 inflicted
992 3940 1155 4001 byauarrow
1165 3940 1221 3989 shot
1230 3940 1261 4001 by

317 4012 359 4060 the
374 4011 524 4072 arclrbislrop
543 4010 634 4059 slronld
653 4012 682 4058 bc
700 4016 780 4058 trans-
806 4011 882 4060 Peter
893 4010 973 4059 Basil.

317 4081 398 4131 ferrcd
416 4082 476 4130 lrom
495 4081 652 4142 Canterbnry
666 4087 691 4130 to
709 4081 781 4129 Lam·

318 4153 393 4210 bctlr3
420 4153 503 4214 linger
525 4152 554 4201 oi
572 4153 723 4213 Wendovm,
745 4151 781 4199 iii.
839 4147 910 4198 ‘All
930 4149 972 4198 the
991 4149 1066 4199 MSS.
1083 4150 1147 4200 hare
1164 4152 1259 4201 ‘trecea⁴

320 4228 374 4283 128,
388 4227 443 4274 129.
804 4217 886 4271 sisse!
