2896 4860
533 426 711 474 ansanus.
1048 413 1092 477 39

142 577 261 648 etiam¹
296 585 458 650 nobilitas
494 587 722 668 recognoscit,
757 606 827 651 non
863 595 916 651 est
950 586 1091 652 dubium
1104 607 1235 658 marmor

142 685 325 766 pertinere.
378 685 480 750 Unde
501 692 635 750 tantam
657 687 693 749 in
709 685 759 750 eis
775 687 940 751 libentius
955 688 1090 770 planta·
1102 657 1245 748 lilim

142 784 283 861 tionem,
310 785 412 850 fidem
440 805 523 851 vero
552 794 588 850 et
606 805 746 867 germen
766 786 848 850 Dno
873 795 1011 869 gratum
1037 788 1090 852 in-

143 886 301 963 serimus,
319 894 449 968 quanto
464 879 504 950 ²a
520 885 620 950 nohis
642 886 678 948 in
701 894 820 951 nostro
841 889 1001 951 examine
1022 888 1092 952 dis·

144 985 280 1048 trictius
296 985 522 1068 prospicimus
538 986 758 1066 exigendum.
810 986 1020 1068 Significasti
1043 989 1091 1052 si·

144 1083 281 1167 quidem
299 1086 409 1163 nobis,
426 1085 476 1148 fili
491 1085 528 1149 in
546 1084 685 1150 Christo
703 1085 891 1164 carissime,
907 1095 942 1151 te
965 1087 1092 1150 Hiber-

145 1184 212 1248 niae
233 1183 393 1262 insulam,
415 1184 459 1249 ad
477 1185 692 1249 subdendum
710 1186 807 1249 illum
825 1187 990 1268 populum
1004 1186 1091 1269 legi·

145 1284 221 1361 bus,
239 1292 274 1348 et
291 1284 451 1349 vitiorum
469 1284 642 1368 plantaria
657 1285 736 1348 inde
751 1286 987 1369 exstirpanda,
1004 1286 1093 1351 velle

143 1385 284 1463 intrare,
308 1392 343 1450 et
366 1385 409 1449 de
430 1385 578 1468 singulis
605 1385 761 1450 domibus
788 1386 965 1450 annuatim
991 1387 1093 1450 nnius

145 1484 277 1549 denarii
304 1485 406 1552 heato
434 1484 541 1551 Petro
559 1485 648 1550 velle
671 1485 805 1550 solvere
827 1487 1040 1569 pensionem,
1057 1494 1093 1551 et

140 1584 224 1669 jura
247 1584 467 1649 ecclesiarum
486 1587 580 1650 illius
610 1593 712 1651 terrae
736 1585 872 1650 illibata
901 1593 937 1651 et
958 1587 1094 1668 integra

143 1704 360 1751 conservare.

194 1785 292 1850 ‘Nos
307 1787 437 1869 itaque,
453 1784 548 1867 pium
570 1791 606 1849 et
623 1783 796 1848 laudabile
818 1784 1023 1849 desiderium
1041 1785 1094 1849 fa·

147 1905 230 1951 vore
267 1904 422 1967 congruo
460 1892 719 1967 prosequentes,
756 1892 791 1949 et
829 1886 987 1968 petitioni
1022 1892 1093 1948 tuae

146 1986 292 2067 henigne
319 1984 555 2068 impendentes
586 2004 777 2060 assensum,
810 1994 948 2066 gratum
978 1993 1013 2048 et
1038 2002 1093 2048 ac·

145 2093 283 2169 ceptum
306 2085 484 2158 hahemus,
503 2092 543 2147 ut
565 2104 626 2166 pro
650 2084 835 2147 dilatandis
857 2084 1010 2148 ecclesiae
1027 2092 1093 2149 ter·

146 2187 259 2264 minis,
283 2205 345 2268 pro
361 2185 522 2248 vitiorum
537 2183 778 2264 restringenda
799 2192 910 2267 parte,
934 2191 969 2248 et
988 2185 1094 2248 corri-

145 2285 267 2369 gendis
296 2286 459 2362 moribus,
484 2292 519 2347 et
542 2284 725 2348 virtutihus
751 2284 951 2360 inserendis
978 2292 1013 2348 et
1032 2304 1094 2366 pro

144 2375 354 2450 Christianae
386 2385 561 2466 religionis
591 2392 778 2466 augmento
813 2384 961 2448 insulam
998 2383 1093 2448 illam

146 2479 367 2568 ingrediens,³
389 2491 424 2548 et
446 2504 524 2566 quae
547 2485 591 2547 ad
613 2484 775 2548 honorem
796 2485 866 2548 Dm
891 2494 926 2550 et
946 2484 1093 2549 salutem

145 2580 254 2650 ⁴illius
271 2584 503 2668 spectaverint
521 2584 736 2666 exsequaris,
752 2592 787 2646 et
804 2583 897 2646 illins
913 2590 1013 2645 terrae
1031 2602 1094 2663 po·

147 2685 249 2769 pulns
277 2684 466 2749 honorifice
491 2691 526 2747 te
550 2684 728 2767 suscipiat,
752 2690 788 2746 et
809 2683 900 2746 sicut
921 2682 1094 2745 dominnm

148 2793 341 2863 veneretur,
359 2786 440 2869 jnre
465 2784 624 2847 nimirum
649 2783 869 2847 ecclesiarum
897 2782 1032 2846 illibato
1060 2792 1095 2846 et

146 2886 282 2967 integro
310 2892 542 2967 permanente,
566 2891 601 2946 et
618 2883 717 2947 salva
738 2883 841 2946 heato
867 2881 974 2946 Petm
998 2881 1095 2963 Apo-

147 2985 239 3051 stolo
257 2992 292 3049 et
303 2991 534 3049 sacrosanctae
550 2982 716 3046 Ecclesiae
735 2982 904 3047 Romanae
919 2982 962 3045 de
979 2982 1095 3064 singu·

148 3087 191 3151 lis
227 3085 384 3150 domibus
414 3083 590 3148 annuatim
623 3082 726 3146 unius
756 3081 888 3146 denarii
923 3083 1096 3165 pensione.

147 3187 185 3251 Si
213 3206 297 3268 ergo
320 3184 412 3265 qnod
441 3184 555 3247 animo
585 3182 786 3266 concepisti,
810 3182 934 3246 affectu
956 3182 1097 3245 duxeris
1122 3202 1124 3207 ’

146 3278 392 3370 prosequendi⁵
423 3283 675 3366 complendum,
707 3281 808 3347 stude
837 3290 974 3365 gentem
1002 3281 1096 3345 illam

147 3386 246 3451 honis
268 3386 420 3449 moribus
442 3383 639 3461 informare,
663 3392 698 3448 et
723 3384 854 3465 cogites
875 3391 944 3446 tam
968 3401 1030 3464 per
1050 3389 1097 3459 te,

148 3506 252 3570 quam
278 3505 340 3568 per
361 3485 454 3562 illos,
476 3503 564 3568 quos
587 3485 629 3547 ad
652 3484 717 3548 hoc
741 3483 819 3560 tide,
834 3483 938 3546 verbo
955 3481 1098 3546 idoneos

148 3594 184 3651 et
201 3588 287 3663 vita,
309 3605 386 3651 esse
408 3585 640 3667 prospexeris,
664 3591 703 3646 ut
719 3582 900 3646 decoretur
921 3581 968 3645 ibi
991 3582 1097 3645 eccle

148 3688 213 3765 sia,
235 3686 413 3769 plantetur
435 3693 470 3748 et
487 3690 619 3747 crescat
636 3682 714 3745 fidei
738 3680 943 3745 Christianae
964 3681 1098 3761 religio,

149 3795 286 3869 atquae
312 3786 356 3850 ad
388 3785 550 3848 honorem
580 3783 651 3845 Dn1
685 3789 720 3845 et
748 3780 894 3845 salutem
926 3781 1099 3862 pertinent

184 4037 195 4139 d
212 4037 326 4137 9·ωῆωά
337 4038 429 4123 ‘dudm
439 4032 453 4097 ἱ,
467 4032 535 4085 Μ’
676 4074 685 4103 ⁴
703 4077 710 4103 ‘
721 4080 793 4123 terrae
804 4075 874 4124 illius
884 4070 898 4102 ·’
909 4075 955 4122 Aa.

230 4110 256 4158 td
268 4124 284 4156 a
295 4109 384 4165 nobis,
405 4107 451 4156 Ar.
884 4109 891 4134 r

186 4178 196 4206 ³
215 4172 404 4241 ‘ingrediarief
427 4177 488 4226 Heu
506 4182 530 4226 rt
552 4178 613 4228 Aa:

151 4249 314 4312 ,ingrediens
325 4261 357 4297 ea
366 4242 380 4309 5,
393 4242 460 4296 D's.
676 4215 685 4242 ⁵
702 4218 885 4278 ‘prosequente
894 4211 907 4274 ;‘
921 4210 987 4265 tle.
