2896 4860
565 422 747 472 ansanus.
1066 408 1130 473 251

178 579 365 645 introducti
390 579 528 645 fuerant
548 579 584 644 in
609 579 787 662 Angliam,
811 598 898 662 qnos
920 579 1133 662 alienigenas
1144 597 1295 687 {mm

178 679 413 764 appellabant.
466 678 616 793 Quidam
646 681 751 744 etiam
772 679 816 743 de
841 687 940 762 parte
965 681 1132 744 baronum
1144 697 1276 798 mano

181 778 472 845 Haresordensem
495 798 694 862 episcopum
716 778 870 857 Petrum,
887 780 1027 844 natione
1045 780 1134 844 Bur-

180 878 347 962 gnndum,
361 879 398 945 in
413 879 559 945 ecclesia
577 898 642 944 sua
663 878 854 945 cathedrali
876 886 1026 962 captum,
1043 879 1133 944 dux·

180 986 282 1045 erunt
304 979 349 1044 ad
374 987 527 1045 castrum
543 979 587 1045 de
604 978 805 1062 Erdesleya,
829 979 1031 1044 thesaurum
1056 979 1132 1063 ejus

179 1078 271 1145 inter
306 1097 346 1143 se
395 1079 551 1162 pariliter
595 1078 800 1144 dividentes.
876 1079 1009 1145 Deinde
1046 1080 1135 1145 dnce

180 1178 306 1244 comite
337 1178 487 1263 Symone
524 1178 745 1262 progreditur
783 1179 956 1244 exercitus
986 1178 1135 1245 Glover·

180 1278 286 1356 niam,
323 1278 423 1363 cnjus
461 1278 568 1343 castri
603 1277 763 1344 custodia
799 1277 997 1344 fidelissimo
1033 1279 1134 1345 militi

182 1377 346 1444 Matthia
378 1379 422 1442 de
454 1371 620 1444 ¹Besilles
658 1379 773 1444 fuerat
800 1398 862 1461 per
895 1399 1009 1460 regem
1043 1399 1135 1444 oom-

182 1478 299 1544 missa.
374 1477 556 1562 Occupata
601 1486 716 1543 autem
757 1479 854 1556 villa,
902 1497 979 1543 cum
1017 1487 1133 1544 castro

181 1577 304 1643 dantes
323 1578 490 1643 insultum
515 1579 663 1643 barones
688 1586 822 1662 portam
846 1578 991 1661 primam
1014 1597 1135 1643 versus

179 1680 301 1744 urbem
333 1678 596 1761 confregissent,
638 1678 819 1756 Matthias,
847 1687 886 1743 ut
921 1679 987 1743 sihi
1020 1688 1135 1744 essent

180 1777 327 1854 anxilio,
352 1778 585 1844 incarceratos
620 1778 802 1844 dissolvit:
840 1798 985 1860 qnorum
1018 1779 1133 1862 prodi·

180 1877 276 1944 tione
291 1897 369 1943 cnm
386 1898 430 1942 ex
446 1879 558 1945 altera
580 1886 679 1962 parte
698 1878 803 1943 castri
825 1877 1018 1961 patefactus
1042 1886 1134 1945 esset

180 1978 371 2061 ingressus,
389 1978 559 2044 Matthias
574 1979 607 2042 in
627 1979 746 2043 turrim
763 1978 936 2060 confugit3
962 1978 996 2042 in
1011 1972 1133 2060 'quam

180 2079 400 2162 insequentes
429 2098 506 2144 enm
535 2077 662 2144 milites
691 2078 853 2162 Symonis
882 2078 1032 2142 effractis
1053 2079 1135 2143 fori-

181 2179 249 2245 bus
292 2179 461 2244 violenter
505 2179 712 2262 irrumpunt,
756 2178 1011 2261 Matthiamque
1052 2178 1134 2244 licet

180 2285 445 2362 repugnantem,
473 2298 536 2343 nec
559 2286 654 2344 metu
682 2280 803 2344 mortis
832 2298 870 2343 se
901 2279 1042 2345 reddere
1072 2299 1132 2344 vo·

181 2379 323 2456 lentem,
350 2378 468 2445 vivum
494 2388 671 2463 ceperunt,
699 2386 735 2443 et
759 2378 912 2444 vinctum
944 2398 1013 2462 quo
1040 2379 1134 2445 vole·

181 2480 269 2545 bant
297 2479 480 2544 duxerunt.
534 2478 671 2544 Exinde
698 2499 813 2544 comes
838 2478 1055 2562 Wigorniam
1077 2499 1136 2544 ac·

182 2578 321 2657 cedens,
360 2579 534 2644 civitatem
567 2580 680 2662 ipsam
719 2581 794 2644 sine
832 2578 904 2644 ulla
937 2580 1134 2645 resistentia

181 2680 285 2763 cepit.
350 2678 436 2745 Inde
463 2699 573 2762 usqne
605 2679 774 2763 Brugiam
799 2679 1033 2763 progrediens
1056 2699 1134 2743 cnm

179 2780 301 2849 villam
331 2779 534 2857 obsedisset,
557 2778 745 2863 villanique
771 2780 961 2864 primodie
988 2799 1026 2844 se
1050 2779 1134 2843 viri-

180 2880 261 2947 liter
275 2880 520 2958 defendissent,
537 2880 688 2945 secundo
703 2880 759 2945 die
773 2880 909 2944 firmato
923 2887 1026 2963 pacto
1041 2880 1133 2962 qnod

182 2980 390 3057 wallenses,
420 2981 480 3064 qui
507 2988 675 3063 exparte
704 2980 774 3045 alia
805 2981 923 3045 urbem
951 3000 1133 3063 oppugna·

180 3082 280 3159 bant,
297 3101 366 3145 non
385 3080 698 3158 introducerentur,
716 3081 879 3164 oppidum
902 3080 1132 3146 reddiderunt.

182 3182 319 3247 Deinde
339 3180 568 3265 proficiscitur
591 3199 706 3246 comes
729 3180 772 3244 ad
792 3188 909 3264 partes
931 3181 1030 3262 regni
1054 3200 1134 3246 aus·

182 3282 301 3349 trales.
354 3282 434 3346 Rex
460 3287 575 3345 autem
601 3289 637 3345 et
654 3279 774 3363 regina
790 3280 925 3346 interim
944 3281 1294 3351 Londoniismsquanu

182 3382 408 3447 morabantur
420 3381 457 3444 in
474 3380 578 3460 turri3
608 3400 699 3464 qnae,
722 3400 799 3445 cum
815 3400 853 3444 se
868 3382 1055 3447 transferre
1072 3402 1134 3448 vo·
1145 3352 1244 3393 ΝΜ

182 3482 258 3549 lens
289 3482 335 3546 ad
368 3487 518 3546 castrum
556 3481 599 3546 de
632 3480 861 3558 Windelsore,
894 3501 956 3563 per
990 3481 1132 3547 fluvium

181 3582 365 3649 Thamesis
389 3581 590 3646 ascenderet
615 3581 651 3645 in
674 3581 815 3664 scapha,
840 3581 1025 3646 multitudo
1047 3583 1133 3648 civi·

181 3684 266 3749 tatis
281 3680 416 3767 plebeia
437 3683 481 3746 ad
497 3690 636 3765 pontem
659 3683 724 3747 suh
748 3702 817 3766 quo
832 3675 1039 3747 ⁸transitura
1060 3694 1135 3747 erat

181 3791 407 3866 congregata,
437 3780 593 3847 convicia
621 3789 657 3848 et
677 3783 861 3847 maledicta
885 3782 920 3845 in
940 3776 1033 3846 *eam
1055 3801 1135 3847 con-

216 3991 226 4026 ¹
242 3994 370 4046 ‘Besiller
379 3989 394 4055 ;'
406 3989 490 4044 ma
502 3995 509 4021 ⁴
522 3989 647 4055 Bosillis;’
706 3990 717 4023 ⁴
733 3992 850 4042 Because
862 3993 907 4042 she
915 4007 970 4043 was
982 3995 1082 4056 against
1092 3995 1135 4044 the

181 4066 222 4117 Μ.
671 4067 752 4125 treaty
769 4063 811 4113 the
829 4063 891 4126 king
906 4078 961 4112 was
976 4066 1093 4126 required
1109 4070 1134 4114 to

216 4132 229 4164 ¹
244 4138 252 4165 ⁶
263 4146 314 4199 qna
323 4136 341 4196 ;'
351 4136 391 4185 M.
398 4139 422 4183 et
434 4134 480 4186 Ar.
671 4133 793 4183 conclude
801 4133 863 4183 with
875 4134 917 4183 the
927 4135 995 4183 rebel
1008 4136 1097 4185 bareos
1109 4136 1134 4183 in

218 4202 392 4266 ’‘hausim‘
405 4205 444 4255 Μ.
627 4254 629 4258 Α
671 4203 761 4254 favour
776 4204 805 4254 ol
818 4204 860 4252 the
878 4205 1030 4255 ohservance
1049 4205 1077 4255 oi
1092 4205 1134 4255 the
