2896 4860
532 412 712 462 nunnius.
1051 403 1093 468 21

146 566 441 655 Symplyngham,¹
461 571 651 637 institutor.
703 570 859 650 Quorum
882 573 1014 655 primus
1033 574 1091 640 lit·

146 677 298 736 terarum
315 672 460 736 scientia
476 672 655 754 praeditus,
674 678 753 756 post
769 672 974 736 laudabilem
991 672 1092 740 officii

144 772 329 852 pastoralis
343 771 673 837 administrationem
691 772 790 835 anuis
813 772 969 854 plurimis
992 794 1091 838 exer·

146 872 263 948 citam,
280 872 515 955 praeclaraque
536 873 676 956 pietatis
693 891 809 956 opera,
827 892 904 936 cum
920 873 995 956 jam
1021 873 1091 940 fere

146 969 323 1054 expletum
345 972 478 1037 militiae
500 992 574 1036 suae
592 980 728 1055 tempus
745 973 899 1049 sentiret,
915 973 1090 1054 resignato

146 1069 274 1136 bonore
300 1079 336 1136 et
360 1091 531 1137 excusans
557 1092 595 1137 se
619 1073 662 1136 ab
688 1092 802 1149 onere,
826 1072 917 1154 apud
942 1072 1088 1138 Pontem

146 1169 311 1235 Fructum
344 1172 436 1236 iuter
468 1171 708 1237 cluniacensis
739 1172 868 1236 ordinis
902 1173 1088 1238 monachos

144 1269 285 1336 ultimos
300 1271 383 1336 vitae
400 1272 473 1337 dies
490 1273 619 1355 exegit.
660 1266 776 1336 ²A1t0r
791 1291 872 1336 vero
896 1271 1087 1351 Gilbertus,

143 1370 281 1435 eximiae
308 1373 362 1437 vir
395 1373 582 1454 religionis,
608 1373 644 1436 in
675 1371 945 1455 feminarumque
971 1381 1087 1438 custo·

143 1471 201 1535 dia
216 1473 340 1555 gratiae
357 1472 542 1555 singularis
568 1474 612 1537 ab
637 1471 882 1549 adolescentia,
907 1480 946 1537 ut
968 1473 1087 1553 fertur,

141 1571 283 1654 propria
315 1593 383 1638 uon
413 1580 596 1638 contentus
626 1573 751 1649 salute,
782 1572 1022 1638 lucrandarum
1052 1574 1087 1637 in

143 1665 241 1736 Duo³
256 1673 447 1737 animarum
469 1673 543 1737 zelo
564 1673 707 1756 ignitus,
723 1673 941 1736 infirmiorem
965 1692 1088 1738 sexum

141 1773 249 1856 coepit
288 1773 491 1856 propensius
523 1774 691 1851 aemulari,
728 1773 821 1836 omni
858 1773 1087 1838 aemulutionis

142 1873 210 1956 piae
231 1891 318 1937 ausu
343 1880 482 1957 sumpto
506 1893 550 1937 ex
575 1892 732 1956 supernae
754 1872 877 1954 gratiae
899 1872 1036 1950 fiducia,
1052 1881 1087 1938 et

141 1969 354 2038 conscientia
368 1974 516 2056 propriae
538 1966 735 2038 castitatis.⁴
787 1971 943 2055 Cumque
962 1975 1086 2057 coeptis

140 2073 216 2156 ejus
232 2073 332 2138 favor
346 2073 521 2138 videretur
543 2073 693 2138 arridere
712 2073 871 2150 Divinus,
889 2073 1018 2138 veritus
1043 2094 1086 2138 ue

139 2173 228 2239 forte
245 2175 282 2237 iu
293 2191 440 2239 vacuum
456 2180 608 2238 curreret
623 2180 685 2238 aut
701 2173 919 2250 cucurrisset,
931 2174 961 2237 si
976 2193 1086 2238 erum-

136 2281 275 2356 pentem
297 2273 408 2338 zelum
433 2273 645 2338 moderatrix
670 2273 815 2337 scientia
836 2292 903 2336 non
920 2273 1086 2353 condiret,

140 2372 433 2439 clarevallensem
477 2375 634 2438 abbatem
685 2374 823 2438 beatum
870 2372 1085 2439 Beruardum

137 2472 334 2539 adeundum
351 2468 513 2551 ⁵ceusuit,
528 2472 627 2558 cujus
640 2472 770 2538 salubri
788 2473 991 2537 informatus
1007 2493 1086 2538 con·

137 2575 228 2652 silio,
249 2582 285 2640 et
306 2574 342 2638 iu
364 2573 543 2657 proposito
564 2574 756 2652 roboratus,
779 2579 877 2637 tanto
897 2572 1086 2638 ferventius

139 2682 271 2759 quanto
285 2673 513 2739 confidentius
535 2673 601 2756 piis
615 2674 740 2757 coeptis
755 2673 914 2737 insistere
930 2692 999 2737 non
1014 2693 1087 2737 ces·

137 2775 241 2840 savit.
274 2768 523 2858 ⁶Pr0speratus
536 2781 651 2839 autem
660 2781 714 2838 est
726 2775 761 2837 in
773 2774 827 2837 his
840 2791 919 2855 quae
933 2774 1088 2855 gerebat,
1106 2776 1112 2787 '

142 3036 237 3101 proved
254 3037 288 3098 by
308 3034 440 3098 Eugenius
461 3035 525 3096 111,
541 3034 602 3083 died
625 3035 663 3085 St.
675 3034 776 3086 Gilbert
791 3037 813 3085 ie
824 3035 966 3097 frequently
977 3034 1089 3085 denomi-

143 3111 217 3169 1190,
225 3107 292 3170 aged
304 3109 363 3168 1⁰6,
376 3105 426 3154 and
442 3119 497 3154 was
511 3119 603 3154 canon·
626 3105 711 3155 uated.

141 3179 198 3228 ised
215 3178 248 3239 by
265 3177 386 3226 luuoeeut
407 3175 462 3224 111.
484 3176 510 3223 iu
530 3178 603 3225 1202.
663 3173 860 3224 ’‘venerabilis
884 3174 1017 3224 Gilbertue
1049 3175 1087 3222 vir

135 3250 179 3299 lu
189 3248 232 3297 the
243 3249 303 3297 time
318 3246 348 3295 of
361 3247 404 3295 the
415 3245 566 3294 dissolutiou
577 3245 607 3294 of
627 3245 701 3306 plane
724 3246 846 3294 mirabilis
868 3250 894 3292 et
919 3246 944 3292 in
970 3245 1087 3294 custodia

141 3319 305 3369 monasterie·
322 3317 392 3365 there
410 3329 477 3364 were
495 3320 603 3376 twenty·
626 3314 775 3364 feminarum
795 3316 884 3376 gratiae
903 3315 1049 3376 singularis,
1071 3330 1087 3364 a

138 3405 186 3439 ene
202 3389 295 3438 houses
311 3385 340 3434 of
354 3385 504 3447 Gilbertius,
515 3386 602 3434 exclu-
626 3398 676 3446 quo
692 3385 754 3435 ordo
768 3385 985 3447 Simpligamensis
1001 3400 1087 3445 sump-

140 3461 194 3510 sive
204 3459 233 3508 of
241 3458 284 3507 the
295 3461 384 3520 parent
398 3456 484 3519 priory
494 3455 524 3505 of
531 3456 602 3505 Sem·
617 3456 660 3507 ,sit
671 3456 812 3515 exordium,
821 3459 946 3504 statatum
954 3455 1087 3516 celebrem,

138 3529 281 3592 priugham.
316 3526 370 3575 The
387 3526 452 3575 mule
469 3526 562 3576 bouses
576 3526 605 3574 of
626 3525 702 3574 celeri
713 3540 770 3574 cum
780 3525 903 3587 profectu.
921 3525 973 3573 Hic
984 3525 1087 3575 abado-

138 3600 181 3650 the
191 3598 267 3648 order
274 3596 391 3646 followed
402 3596 445 3645 the
455 3596 511 3646 rule
522 3595 551 3644 of
564 3597 601 3646 St.
625 3591 761 3655 leseentia,’
772 3600 821 3645 etc.
832 3611 839 3656 ;
850 3594 897 3644 Ar.

140 3669 304 3733 Augurum
327 3666 369 3715 the
391 3665 481 3715 female
503 3666 558 3716 that
576 3666 605 3715 of
659 3662 798 3714 ”Christo
809 3661 825 3726 ;’
836 3667 883 3714 Ar.

140 3741 178 3791 St
192 3738 326 3801 Benedici,
335 3736 399 3785 with
417 3751 485 3785 some
505 3736 601 3798 special
661 3733 740 3785 “Ad
759 3737 836 3785 istum
853 3736 943 3785 beatus
957 3734 1086 3784 Clareval-

140 3810 304 3861 resbictious.
340 3807 390 3856 For
402 3805 497 3865 which,
507 3805 570 3855 with
585 3821 601 3854 a
625 3804 702 3854 leusis
724 3806 803 3855 abbas
819 3806 964 3854 Bernnrdus
980 3806 1012 3854 de
1031 3820 1088 3866 per·

140 3886 331 3941 contemporary
341 3877 396 3937 life,
411 3890 454 3924 see
471 3875 602 3937 Dugdale,
625 3873 732 3924 tectione
743 3882 768 3925 et
779 3876 922 3926 obedientia
933 3875 1086 3937 regularium

140 3954 167 4001 ii.
190 3954 250 4011 696,
271 3953 298 3997 et
318 3962 389 4009 eeq.;
410 3947 466 3995 also
484 3946 510 3994 iu
529 3946 601 3996 Heu·
625 3945 756 4005 epistolam
764 3946 890 4008 quandam
901 3945 1003 4005 scripsit
1013 3940 1027 4005 ;’
1039 3944 1086 3994 Ar.

139 4017 470 4079 seheniusaudGapgrure,
482 4017 600 4067 ActaSS.
625 4014 687 4064 'l'his
704 4017 792 4078 epietle
808 4018 831 4066 is
847 4021 890 4065 not
902 4018 989 4064 extant
1006 4014 1031 4063 in
1050 4016 1087 4064 St.

138 4093 201 4142 Feb.
211 4094 237 4141 4.
627 4085 749 4136 Bemard.

134 4187 137 4196 =
175 4152 601 4223 ¹‘Simpligameuois;'‘Sympliug·
661 4153 672 4185 ⁸
687 4159 694 4184 ⁸
708 4157 806 4217 putavit
813 4151 828 4215 3‘
842 4156 886 4205 Ar.

137 4226 219 4293 hams
232 4225 300 4281 ΠΛ.
328 4228 418 4279 Under
429 4227 513 4276 which
528 4241 601 4275 name
661 4223 722 4276 οΕῑ
750 4228 817 4276 sicut
838 4226 870 4274 de
902 4225 980 4275 nobili
1011 4226 1088 4287 patri·
