2896 4860
561 407 745 457 aurnuns.
1074 392 1141 458 269

187 575 302 632 costes
332 565 507 631 Robertus
536 564 579 629 de
612 565 792 643 Ferrariis,
822 585 937 631 comes
969 567 1140 644 Derbeiae,

187 667 278 750 apud
303 667 480 750 oppidum,
501 665 593 748 quod
620 664 832 730 Cestrefelde
856 666 992 744 dicitnr,
1017 676 1140 750 captus

187 777 240 832 est
257 787 318 850 per
334 767 459 831 milites
481 766 607 847 regios,
629 765 732 830 sociis
750 785 837 848 qnos
856 766 898 830 ad
918 766 1139 848 praedandum

188 868 361 932 acciverat
387 887 450 949 per
475 866 590 947 fugam
615 865 789 947 dispersis.
842 866 1140 931 Exheredatorum

188 966 341 1049 quidam,
369 966 516 1030 insulam
543 964 585 1029 de
614 963 806 1029 Axeholme
831 974 1051 1048 occupantes,
1080 986 1141 1048 per

188 1067 363 1132 dominnm
381 1065 631 1142 Eadmundum‚
651 1065 789 1129 fratrem
808 1067 912 1148 regis,
931 1067 968 1129 in
985 1066 1080 1129 brevi
1096 1066 1139 1129 ad

190 1167 398 1232 deditionem
413 1173 594 1247 coguntur.
648 1164 752 1229 Miles
767 1165 907 1248 quidam
929 1166 964 1229 in
983 1166 1141 1248 partibus

192 1267 378 1331 Wintoniae
405 1264 517 1329 Adam
544 1265 669 1341 dictus,
699 1272 927 1347 cognomento
959 1264 1141 1342 Gurdoun,

189 1367 418 1431 exheredatus
446 1385 523 1429 cum
547 1364 670 1431 ceteris
691 1366 749 1448 qui
774 1366 892 1430 comiti
915 1366 1056 1449 Symoni
1079 1365 1140 1429 ad-

189 1467 372 1542 haeserant,
395 1465 438 1529 ad
462 1484 580 1547 pacem
604 1465 697 1546 regis
722 1485 869 1529 renuens
889 1467 1018 1541 venire,
1036 1465 1142 1549 juxta

191 1568 281 1630 viam
311 1567 402 1630 inter
426 1565 542 1629 villam
569 1565 612 1628 de
642 1563 818 1642 Aultonia,
848 1572 883 1630 et
915 1575 1066 1629 castrum
1099 1564 1142 1629 de

193 1659 394 1742 ¹Feruham,
422 1684 525 1748 quam
549 1672 632 1730 tunc
654 1665 690 1728 in
714 1665 803 1730 valle
825 1665 1062 1748 promuntoria
1085 1684 1142 1729 ne-

190 1785 327 1830 morosa
354 1765 542 1830 reddebant
574 1772 778 1839 tortuosam,
806 1785 847 1830 ac
871 1785 934 1849 per
960 1766 1024 1830 hoc
1052 1784 1141 1848 prae·

191 1866 338 1930 donibus
370 1875 612 1948 opportunam,
638 1885 715 1929 cum
742 1865 814 1930 suis
840 1866 966 1930 resedit
993 1866 1140 1948 patriam

191 1966 320 2048 rapinis
340 1965 520 2041 infestans,
543 1973 578 2029 et
596 1966 768 2048 praecipue
792 1973 901 2030 terras
923 1965 1058 2030 illorum
1082 1966 1143 2048 qui

191 2066 282 2148 parti
314 2065 418 2147 regiae
451 2064 683 2129 adhaerebant.
736 2063 846 2149 Cujus
877 2066 966 2129 vires
996 2074 1032 2130 et
1060 2084 1140 2148 pro·
1154 2083 1261 2124 muana

191 2166 333 2229 bitatem
373 2184 417 2229 ex
456 2165 548 2228 fama
585 2165 743 2246 cognitas
775 2165 917 2248 cupiens
949 2134 1286 2229 Edwarduslll‘lh‘ll'

191 2265 352 2347 experiri,
372 2284 450 2328 cum
473 2262 508 2329 in
531 2283 635 2328 manu
658 2264 739 2328 forti
762 2265 1017 2346 supervenisset
1031 2266 1140 2331 eidem
1154 2234 1245 2325 ὣ.

193 2384 230 2429 se
256 2365 299 2428 ad
327 2383 477 2447 pugnam
505 2365 655 2447 paranti,
685 2365 850 2446 praecepit
877 2365 961 2442 suis,
989 2385 1032 2430 ne
1064 2364 1142 2448 quis

192 2465 282 2529 inter
308 2484 367 2529 eos
400 2464 580 2547 impediret
610 2463 785 2545 singulare
815 2471 1000 2530 certamen.
1053 2464 1143 2530 Con-

191 2564 301 2646 gressi
327 2564 445 2647 itaque
470 2572 608 2628 mutuos
627 2563 717 2627 ictos
739 2565 973 2645 ingeminant;
999 2566 1142 2649 parique

192 2672 297 2740 sorte,
330 2673 452 2728 neutro
482 2663 625 2728 cedente
658 2663 771 2740 alteri,
804 2664 933 2728 diutius
965 2663 1140 2729 dimicant.

193 2764 396 2829 Delectatus
422 2764 559 2828 tandem
588 2763 779 2828 Edwardus
810 2763 928 2828 militis
949 2765 1079 2830 virtute
1106 2774 1143 2829 et

191 2865 319 2941 animo,
340 2862 431 2927 inter
453 2862 675 2946 pugnandum
698 2863 846 2927 consulit
868 2864 900 2928 ei
919 2871 959 2929 ut
973 2883 1011 2928 se
1026 2864 1142 2928 redde

191 2971 255 3040 ret,
272 2964 380 3027 vitam
403 2964 568 3046 pollicens
590 2970 626 3027 et
647 2963 831 3029 fortunam.
885 2963 951 3028 Cui
968 2963 1065 3028 miles
1080 2964 1141 3028 ad·

192 3065 384 3147 quiescens,
404 3063 548 3147 abjectis
565 3064 668 3127 armis
686 3083 723 3127 se
739 3062 833 3128 illico
850 3060 1025 3142 'reddidit
1040 3084 1142 3147 qoem

191 3163 310 3228 eadem
333 3170 435 3228 nocte
456 3157 701 3227 ³Gildfordiam
724 3163 914 3228 Edwardus
938 3165 1142 3242 transmisit,

192 3264 320 3346 reginae
335 3264 437 3328 matri
453 3282 531 3327 cum
549 3263 878 3328 recommendatione
894 3263 1040 3347 supplici
1057 3283 1143 3346 prse-

191 3364 408 3441 sentandom,
435 3383 536 3447 quem
566 3371 687 3444 postea
721 3362 902 3428 hereditati
933 3365 1142 3441 restitutum,

194 3464 383 3528 Edwardus
400 3483 535 3546 semper
552 3481 668 3526 carum
685 3462 803 3527 babuit
821 3471 925 3547 atque
943 3464 1058 3529 fidum.

244 3563 372 3628 Eodem
395 3582 487 3627 anno
502 3562 602 3626 multi
624 3561 666 3625 de
688 3561 906 3628 exheredatis
928 3573 1078 3628 castrum
1101 3563 1144 3627 de
1157 3585 1303 3636 mantum

1156 3636 1188 3676 lor
1196 3649 1209 3675 ι
1218 3637 1294 3675 mund

194 3662 432 3728 Kenilworthe
464 3663 610 3744 ingressi
646 3661 853 3727 victualibus
882 3665 1081 3727 munierunt
1109 3673 1287 3727 strenuuin

193 3764 310 3841 armis,
326 3764 547 3847 disponentes
570 3761 655 3824 illud
677 3761 859 3851 defendere
880 3770 1002 3827 contra
1016 3782 1143 3846 regem.
1157 3736 1232 3826 iiii

231 4048 236 4077 ¹
254 4044 409 4135 ‘l'reuhams
419 4047 659 4109 Cod.Reg.:‘Fam·
718 4042 728 4073 ⁸
744 4045 847 4094 ‘reddit
857 4041 874 4105 ;'
896 4040 928 4095 15
929 4046 963 4096 A.
975 4061 982 4094 ι
1005 4045 1124 4096 ‘dedidit
1131 4042 1146 4107 ;'

194 4122 268 4181 *¹⁸⁰⁸
289 4121 328 4169 Μ’
340 4120 422 4169 Μ’
684 4114 977 4247 M3‘fo41siuefornamf
991 4186 1051 4236 coa.
1063 4186 1128 4249 aeg.
