<?xml version="1.0" encoding="UTF-8"?>
<!DOCTYPE html PUBLIC "-//W3C//DTD XHTML 1.0 Transitional//EN"
    "http://www.w3.org/TR/xhtml1/DTD/xhtml1-transitional.dtd">
<html xmlns="http://www.w3.org/1999/xhtml" xml:lang="en" lang="en">
 <head>
  <title>
</title>
<meta http-equiv="Content-Type" content="text/html;charset=utf-8" />
  <meta name='ocr-system' content='tesseract 3.04.00' />
  <meta name='ocr-capabilities' content='ocr_page ocr_carea ocr_par ocr_line ocrx_word'/>
</head>
<body>
  <div class='ocr_page' id='page_1' title='image "./fnicholaitrivet01trivgoog_0317.png"; bbox 0 0 2896 4860; ppageno 0'>
   <div class='ocr_carea' id='block_1_1' title="bbox 369 384 968 450">
    <p class='ocr_par' dir='ltr' id='par_1_1' title="bbox 369 384 968 450">
     <span class='ocr_line' id='line_1_1' title="bbox 369 384 968 450; baseline -0.003 0"><span class='ocrx_word' id='word_1_1' title='bbox 369 384 436 450; x_wconf 79' lang='lat'><strong>286</strong></span> <span class='ocrx_word' id='word_1_2' title='bbox 725 401 796 450; x_wconf 82' lang='lat' dir='ltr'><strong>nro.</strong></span> <span class='ocrx_word' id='word_1_3' title='bbox 820 399 968 448; x_wconf 83' lang='lat' dir='ltr'><strong>rmvuri</strong></span> 
     </span>
    </p>
   </div>
   <div class='ocr_carea' id='block_1_2' title="bbox 370 554 1323 1944">
    <p class='ocr_par' dir='ltr' id='par_1_2' title="bbox 370 554 1323 1944">
     <span class='ocr_line' id='line_1_2' title="bbox 370 554 1322 643; baseline -0.006 -19"><span class='ocrx_word' id='word_1_4' title='bbox 370 557 489 643; x_wconf 88' lang='lat' dir='ltr'><strong>sicque</strong></span> <span class='ocrx_word' id='word_1_5' title='bbox 505 560 696 643; x_wconf 81' lang='lat' dir='ltr'><strong>peregrinis</strong></span> <span class='ocrx_word' id='word_1_6' title='bbox 716 577 881 624; x_wconf 83' lang='lat' dir='ltr'><strong>concessa</strong></span> <span class='ocrx_word' id='word_1_7' title='bbox 901 558 1058 634; x_wconf 86' lang='lat' dir='ltr'><strong>victoria,</strong></span> <span class='ocrx_word' id='word_1_8' title='bbox 1076 562 1193 639; x_wconf 84' lang='lat' dir='ltr'><strong>partes</strong></span> <span class='ocrx_word' id='word_1_9' title='bbox 1211 554 1322 618; x_wconf 86' lang='lat' dir='ltr'><strong>ambae</strong></span> 
     </span>
     <span class='ocr_line' id='line_1_3' title="bbox 371 654 1322 743; baseline -0.006 -20"><span class='ocrx_word' id='word_1_10' title='bbox 371 660 406 723; x_wconf 92' lang='lat' dir='ltr'><strong>in</strong></span> <span class='ocrx_word' id='word_1_11' title='bbox 439 661 557 724; x_wconf 87' lang='lat' dir='ltr'><strong>urbem</strong></span> <span class='ocrx_word' id='word_1_12' title='bbox 588 659 731 743; x_wconf 87' lang='lat' dir='ltr'><strong>pacifice</strong></span> <span class='ocrx_word' id='word_1_13' title='bbox 765 667 994 724; x_wconf 88' lang='lat' dir='ltr'><strong>revertuntur.</strong></span> <span class='ocrx_word' id='word_1_14' title='bbox 1064 656 1170 722; x_wconf 82' lang='lat' dir='ltr'><strong>Venit</strong></span> <span class='ocrx_word' id='word_1_15' title='bbox 1199 654 1322 718; x_wconf 89' lang='lat' dir='ltr'><strong>deinde</strong></span> 
     </span>
     <span class='ocr_line' id='line_1_4' title="bbox 371 756 1323 838; baseline -0.005 -16"><span class='ocrx_word' id='word_1_16' title='bbox 371 779 434 824; x_wconf 86' lang='lat' dir='ltr'><strong>rex</strong></span> <span class='ocrx_word' id='word_1_17' title='bbox 459 759 650 824; x_wconf 86' lang='lat' dir='ltr'><strong>Edwardus</strong></span> <span class='ocrx_word' id='word_1_18' title='bbox 673 761 708 823; x_wconf 92' lang='lat' dir='ltr'><strong>in</strong></span> <span class='ocrx_word' id='word_1_19' title='bbox 734 760 928 834; x_wconf 70' lang='lat' dir='ltr'><strong>Frondem,</strong></span> <span class='ocrx_word' id='word_1_20' title='bbox 952 766 988 822; x_wconf 90' lang='lat' dir='ltr'><strong>et</strong></span> <span class='ocrx_word' id='word_1_21' title='bbox 1014 778 1035 823; x_wconf 87' lang='lat' dir='ltr'><strong>a</strong></span> <span class='ocrx_word' id='word_1_22' title='bbox 1058 756 1220 838; x_wconf 91' lang='lat' dir='ltr'><strong>Philippo</strong></span> <span class='ocrx_word' id='word_1_23' title='bbox 1242 773 1323 836; x_wconf 81' lang='lat' dir='ltr'><strong>rege</strong></span> 
     </span>
     <span class='ocr_line' id='line_1_5' title="bbox 370 857 1319 943; baseline -0.005 -20"><span class='ocrx_word' id='word_1_24' title='bbox 370 869 553 943; x_wconf 88' lang='lat' dir='ltr'><strong>susceptus</strong></span> <span class='ocrx_word' id='word_1_25' title='bbox 577 861 770 942; x_wconf 80' lang='lat' dir='ltr'><strong>magnifice,</strong></span> <span class='ocrx_word' id='word_1_26' title='bbox 790 859 988 941; x_wconf 80' lang='lat' dir='ltr'><strong>homagium</strong></span> <span class='ocrx_word' id='word_1_27' title='bbox 1013 858 1094 923; x_wconf 82' lang='lat' dir='ltr'><strong>fecit</strong></span> <span class='ocrx_word' id='word_1_28' title='bbox 1113 857 1146 921; x_wconf 90' lang='lat' dir='ltr'><strong>ei</strong></span> <span class='ocrx_word' id='word_1_29' title='bbox 1169 874 1231 938; x_wconf 93' lang='lat' dir='ltr'><strong>pro</strong></span> <span class='ocrx_word' id='word_1_30' title='bbox 1253 864 1319 919; x_wconf 91' lang='lat' dir='ltr'><strong>ter·</strong></span> 
     </span>
     <span class='ocr_line' id='line_1_6' title="bbox 371 956 1323 1043; baseline -0.007 -19"><span class='ocrx_word' id='word_1_31' title='bbox 371 960 418 1024; x_wconf 92' lang='lat' dir='ltr'><strong>ris</strong></span> <span class='ocrx_word' id='word_1_32' title='bbox 444 961 516 1024; x_wconf 90' lang='lat' dir='ltr'><strong>suis</strong></span> <span class='ocrx_word' id='word_1_33' title='bbox 539 979 626 1043; x_wconf 89' lang='lat' dir='ltr'><strong>quas</strong></span> <span class='ocrx_word' id='word_1_34' title='bbox 655 960 697 1024; x_wconf 91' lang='lat' dir='ltr'><strong>de</strong></span> <span class='ocrx_word' id='word_1_35' title='bbox 728 980 769 1025; x_wconf 92' lang='lat' dir='ltr'><strong>eo</strong></span> <span class='ocrx_word' id='word_1_36' title='bbox 792 960 944 1037; x_wconf 90' lang='lat' dir='ltr'><strong>tenebat,</strong></span> <span class='ocrx_word' id='word_1_37' title='bbox 967 959 1031 1022; x_wconf 90' lang='lat' dir='ltr'><strong>sub</strong></span> <span class='ocrx_word' id='word_1_38' title='bbox 1054 956 1251 1023; x_wconf 86' lang='lat' dir='ltr'><strong>conditione</strong></span> <span class='ocrx_word' id='word_1_39' title='bbox 1272 975 1323 1018; x_wconf 89' lang='lat' dir='ltr'><strong>re-</strong></span> 
     </span>
     <span class='ocr_line' id='line_1_7' title="bbox 371 1055 1323 1143; baseline -0.004 -21"><span class='ocrx_word' id='word_1_40' title='bbox 371 1061 563 1126; x_wconf 85' lang='lat' dir='ltr'><strong>stitutionis</strong></span> <span class='ocrx_word' id='word_1_41' title='bbox 581 1068 761 1137; x_wconf 86' lang='lat' dir='ltr'><strong>terrarum‚</strong></span> <span class='ocrx_word' id='word_1_42' title='bbox 779 1059 870 1143; x_wconf 87' lang='lat' dir='ltr'><strong>patri</strong></span> <span class='ocrx_word' id='word_1_43' title='bbox 889 1078 952 1125; x_wconf 90' lang='lat' dir='ltr'><strong>suo</strong></span> <span class='ocrx_word' id='word_1_44' title='bbox 963 1059 1000 1122; x_wconf 92' lang='lat' dir='ltr'><strong>iu</strong></span> <span class='ocrx_word' id='word_1_45' title='bbox 1015 1057 1210 1123; x_wconf 83' lang='lat' dir='ltr'><strong>venditione</strong></span> <span class='ocrx_word' id='word_1_46' title='bbox 1229 1055 1323 1120; x_wconf 89' lang='lat' dir='ltr'><strong>Nor·</strong></span> 
     </span>
     <span class='ocr_line' id='line_1_8' title="bbox 371 1157 1322 1243; baseline -0.004 -21"><span class='ocrx_word' id='word_1_47' title='bbox 371 1161 520 1223; x_wconf 74' lang='lat' dir='ltr'><strong>manniae</strong></span> <span class='ocrx_word' id='word_1_48' title='bbox 541 1161 799 1243; x_wconf 89' lang='lat' dir='ltr'><strong>promissarum.</strong></span> <span class='ocrx_word' id='word_1_49' title='bbox 853 1159 940 1225; x_wconf 84' lang='lat' dir='ltr'><strong>Post</strong></span> <span class='ocrx_word' id='word_1_50' title='bbox 963 1159 1028 1224; x_wconf 92' lang='lat' dir='ltr'><strong>hoc</strong></span> <span class='ocrx_word' id='word_1_51' title='bbox 1053 1161 1089 1223; x_wconf 91' lang='lat' dir='ltr'><strong>iu</strong></span> <span class='ocrx_word' id='word_1_52' title='bbox 1113 1157 1322 1222; x_wconf 87' lang='lat' dir='ltr'><strong>Vasconiam</strong></span> 
     </span>
     <span class='ocr_line' id='line_1_9' title="bbox 371 1256 1322 1343; baseline -0.003 -21"><span class='ocrx_word' id='word_1_53' title='bbox 371 1259 612 1341; x_wconf 87' lang='lat' dir='ltr'><strong>proficiscitur,</strong></span> <span class='ocrx_word' id='word_1_54' title='bbox 645 1261 688 1324; x_wconf 89' lang='lat' dir='ltr'><strong>ad</strong></span> <span class='ocrx_word' id='word_1_55' title='bbox 717 1260 999 1343; x_wconf 87' lang='lat' dir='ltr'><strong>compescendum</strong></span> <span class='ocrx_word' id='word_1_56' title='bbox 1030 1278 1117 1342; x_wconf 88' lang='lat' dir='ltr'><strong>qnos</strong></span> <span class='ocrx_word' id='word_1_57' title='bbox 1143 1259 1178 1322; x_wconf 91' lang='lat' dir='ltr'><strong>in</strong></span> <span class='ocrx_word' id='word_1_58' title='bbox 1202 1256 1322 1321; x_wconf 87' lang='lat' dir='ltr'><strong>eadem</strong></span> 
     </span>
     <span class='ocr_line' id='line_1_10' title="bbox 372 1353 1319 1436; baseline -0.005 -12"><span class='ocrx_word' id='word_1_59' title='bbox 372 1353 501 1425; x_wconf 84' lang='lat' dir='ltr'><strong>¹Gasto</strong></span> <span class='ocrx_word' id='word_1_60' title='bbox 523 1360 565 1425; x_wconf 94' lang='lat' dir='ltr'><strong>de</strong></span> <span class='ocrx_word' id='word_1_61' title='bbox 584 1361 723 1436; x_wconf 87' lang='lat' dir='ltr'><strong>Bierna,</strong></span> <span class='ocrx_word' id='word_1_62' title='bbox 743 1360 841 1424; x_wconf 90' lang='lat' dir='ltr'><strong>miles</strong></span> <span class='ocrx_word' id='word_1_63' title='bbox 865 1360 990 1425; x_wconf 89' lang='lat' dir='ltr'><strong>nobilis</strong></span> <span class='ocrx_word' id='word_1_64' title='bbox 1012 1369 1048 1424; x_wconf 89' lang='lat' dir='ltr'><strong>et</strong></span> <span class='ocrx_word' id='word_1_65' title='bbox 1069 1367 1242 1433; x_wconf 85' lang='lat' dir='ltr'><strong>strenuus,</strong></span> <span class='ocrx_word' id='word_1_66' title='bbox 1259 1357 1319 1420; x_wconf 83' lang='lat' dir='ltr'><strong>sed</strong></span> 
     </span>
     <span class='ocr_line' id='line_1_11' title="bbox 371 1459 1321 1536; baseline -0.002 -14"><span class='ocrx_word' id='word_1_67' title='bbox 371 1479 392 1523; x_wconf 92' lang='lat' dir='ltr'><strong>a</strong></span> <span class='ocrx_word' id='word_1_68' title='bbox 409 1460 476 1524; x_wconf 87' lang='lat' dir='ltr'><strong>fide</strong></span> <span class='ocrx_word' id='word_1_69' title='bbox 490 1460 618 1525; x_wconf 91' lang='lat' dir='ltr'><strong>domini</strong></span> <span class='ocrx_word' id='word_1_70' title='bbox 638 1461 692 1525; x_wconf 93' lang='lat' dir='ltr'><strong>sui</strong></span> <span class='ocrx_word' id='word_1_71' title='bbox 708 1460 870 1524; x_wconf 86' lang='lat' dir='ltr'><strong>Edwardi</strong></span> <span class='ocrx_word' id='word_1_72' title='bbox 888 1460 1063 1536; x_wconf 84' lang='lat' dir='ltr'><strong>deficiens,</strong></span> <span class='ocrx_word' id='word_1_73' title='bbox 1085 1459 1321 1523; x_wconf 86' lang='lat' dir='ltr'><strong>concitaverat</strong></span> 
     </span>
     <span class='ocr_line' id='line_1_12' title="bbox 370 1559 1320 1644; baseline -0.003 -22"><span class='ocrx_word' id='word_1_74' title='bbox 370 1580 480 1626; x_wconf 86' lang='lat' dir='ltr'><strong>novos</strong></span> <span class='ocrx_word' id='word_1_75' title='bbox 508 1567 642 1638; x_wconf 87' lang='lat' dir='ltr'><strong>motus;</strong></span> <span class='ocrx_word' id='word_1_76' title='bbox 675 1560 775 1644; x_wconf 88' lang='lat' dir='ltr'><strong>cujus</strong></span> <span class='ocrx_word' id='word_1_77' title='bbox 799 1568 908 1624; x_wconf 87' lang='lat' dir='ltr'><strong>terras</strong></span> <span class='ocrx_word' id='word_1_78' title='bbox 933 1559 1124 1625; x_wconf 87' lang='lat' dir='ltr'><strong>Edwardus</strong></span> <span class='ocrx_word' id='word_1_79' title='bbox 1155 1577 1231 1622; x_wconf 89' lang='lat' dir='ltr'><strong>oum</strong></span> <span class='ocrx_word' id='word_1_80' title='bbox 1262 1577 1320 1621; x_wconf 82' lang='lat' dir='ltr'><strong>ex-</strong></span> 
     </span>
     <span class='ocr_line' id='line_1_13' title="bbox 371 1650 1322 1743; baseline -0.003 -19"><span class='ocrx_word' id='word_1_81' title='bbox 371 1661 479 1724; x_wconf 86' lang='lat' dir='ltr'><strong>ercitu</strong></span> <span class='ocrx_word' id='word_1_82' title='bbox 507 1668 666 1743; x_wconf 88' lang='lat' dir='ltr'><strong>potenter</strong></span> <span class='ocrx_word' id='word_1_83' title='bbox 693 1661 882 1742; x_wconf 82' lang='lat' dir='ltr'><strong>ingressus,</strong></span> <span class='ocrx_word' id='word_1_84' title='bbox 912 1660 1023 1743; x_wconf 89' lang='lat' dir='ltr'><strong>ipsum</strong></span> <span class='ocrx_word' id='word_1_85' title='bbox 1054 1661 1089 1723; x_wconf 91' lang='lat' dir='ltr'><strong>in</strong></span> <span class='ocrx_word' id='word_1_86' title='bbox 1115 1660 1233 1740; x_wconf 79' lang='lat' dir='ltr'><strong>sugam</strong></span> <span class='ocrx_word' id='word_1_87' title='bbox 1250 1650 1322 1721; x_wconf 75' lang='lat' dir='ltr'><strong>²co-</strong></span> 
     </span>
     <span class='ocr_line' id='line_1_14' title="bbox 371 1750 1321 1842; baseline -0.002 -18"><span class='ocrx_word' id='word_1_88' title='bbox 371 1761 455 1841; x_wconf 81' lang='lat' dir='ltr'><strong>egit,</strong></span> <span class='ocrx_word' id='word_1_89' title='bbox 489 1761 581 1824; x_wconf 90' lang='lat' dir='ltr'><strong>etin</strong></span> <span class='ocrx_word' id='word_1_90' title='bbox 605 1760 754 1842; x_wconf 88' lang='lat' dir='ltr'><strong>quodam</strong></span> <span class='ocrx_word' id='word_1_91' title='bbox 778 1767 894 1825; x_wconf 87' lang='lat' dir='ltr'><strong>castro</strong></span> <span class='ocrx_word' id='word_1_92' title='bbox 918 1759 999 1825; x_wconf 87' lang='lat' dir='ltr'><strong>sorti</strong></span> <span class='ocrx_word' id='word_1_93' title='bbox 1021 1779 1063 1824; x_wconf 90' lang='lat' dir='ltr'><strong>ac</strong></span> <span class='ocrx_word' id='word_1_94' title='bbox 1085 1760 1216 1823; x_wconf 90' lang='lat' dir='ltr'><strong>munito</strong></span> <span class='ocrx_word' id='word_1_95' title='bbox 1231 1750 1321 1839; x_wconf 79' lang='lat' dir='ltr'><strong>³[re-</strong></span> 
     </span>
     <span class='ocr_line' id='line_1_15' title="bbox 371 1861 689 1944; baseline -0.003 -20"><span class='ocrx_word' id='word_1_96' title='bbox 371 1861 526 1944; x_wconf 88' lang='lat' dir='ltr'><strong>ceptum]</strong></span> <span class='ocrx_word' id='word_1_97' title='bbox 544 1861 689 1925; x_wconf 81' lang='lat' dir='ltr'><strong>obsedit.</strong></span> 
     </span>
    </p>
   </div>
   <div class='ocr_carea' id='block_1_3' title="bbox 639 2073 1296 2270">
    <p class='ocr_par' dir='ltr' id='par_1_3' title="bbox 639 2055 1313 2284">
     <span class='ocr_line' id='line_1_16' title="bbox 639 2073 1296 2111; baseline -0.003 0"><span class='ocrx_word' id='word_1_98' title='bbox 639 2098 646 2111; x_wconf 93' lang='lat'><strong>.</strong></span> <span class='ocrx_word' id='word_1_99' title='bbox 852 2097 859 2111; x_wconf 87' lang='lat'><strong>.</strong></span> <span class='ocrx_word' id='word_1_100' title='bbox 1157 2073 1296 2110; x_wconf 71' lang='lat' dir='ltr'><strong>naumann</strong></span> 
     </span>
     <span class='ocr_line' id='line_1_17' title="bbox 737 2162 1109 2200; baseline -0.007 0"><span class='ocrx_word' id='word_1_101' title='bbox 737 2185 744 2200; x_wconf 91' lang='lat'>.</span> <span class='ocrx_word' id='word_1_102' title='bbox 790 2163 898 2199; x_wconf 79' lang='lat' dir='ltr'><strong>unuunrr</strong></span> <span class='ocrx_word' id='word_1_103' title='bbox 950 2162 1059 2198; x_wconf 76' lang='lat' dir='ltr'><strong>earnem</strong></span> <span class='ocrx_word' id='word_1_104' title='bbox 1071 2162 1109 2198; x_wconf 85' lang='lat'>111.</span> 
     </span>
     <span class='ocr_line' id='line_1_18' title="bbox 850 2223 1240 2270; baseline -0.01 0"><span class='ocrx_word' id='word_1_105' title='bbox 850 2256 857 2270; x_wconf 92' lang='lat'><strong>.</strong></span> <span class='ocrx_word' id='word_1_106' title='bbox 1031 2255 1038 2268; x_wconf 86' lang='lat'><strong>.</strong></span> <span class='ocrx_word' id='word_1_107' title='bbox 1216 2223 1240 2267; x_wconf 83' lang='lat'><strong>2.</strong></span> 
     </span>
    </p>
   </div>
   <div class='ocr_carea' id='block_1_4' title="bbox 209 2356 1320 2442">
    <p class='ocr_par' dir='ltr' id='par_1_4' title="bbox 209 2356 1320 2442">
     <span class='ocr_line' id='line_1_19' title="bbox 209 2356 1320 2442; baseline 0 -20"><span class='ocrx_word' id='word_1_108' title='bbox 209 2356 1320 2442; x_wconf 52' lang='lat' dir='ltr'><strong>mnfflmffimfflmmw</strong></span> 
     </span>
    </p>
   </div>
   <div class='ocr_carea' id='block_1_5' title="bbox 210 2433 301 2473">
    <p class='ocr_par' dir='ltr' id='par_1_5' title="bbox 210 2433 301 2473">
     <span class='ocr_line' id='line_1_20' title="bbox 210 2433 301 2473; baseline -0.011 0"><span class='ocrx_word' id='word_1_109' title='bbox 210 2433 301 2473; x_wconf 74' lang='lat' dir='ltr'><strong>uenerat</strong></span> 
     </span>
    </p>
   </div>
   <div class='ocr_carea' id='block_1_6' title="bbox 209 2451 1322 3644">
    <p class='ocr_par' dir='ltr' id='par_1_6' title="bbox 209 2451 1322 3644">
     <span class='ocr_line' id='line_1_21' title="bbox 210 2451 1321 2541; baseline -0.003 -17"><span class='ocrx_word' id='word_1_110' title='bbox 210 2484 301 2530; x_wconf 62' lang='lat' dir='ltr'><strong>conen,</strong></span> <span class='ocrx_word' id='word_1_111' title='bbox 310 2483 360 2524; x_wconf 65' lang='lat' dir='ltr'><strong>nere</strong></span> <span class='ocrx_word' id='word_1_112' title='bbox 371 2455 542 2540; x_wconf 84' lang='lat' dir='ltr'><strong>Gregorio</strong></span> <span class='ocrx_word' id='word_1_113' title='bbox 560 2458 692 2524; x_wconf 91' lang='lat' dir='ltr'><strong>decimo</strong></span> <span class='ocrx_word' id='word_1_114' title='bbox 715 2458 875 2541; x_wconf 80' lang='lat' dir='ltr'><strong>generale</strong></span> <span class='ocrx_word' id='word_1_115' title='bbox 897 2459 1091 2523; x_wconf 85' lang='lat' dir='ltr'><strong>celebratur</strong></span> <span class='ocrx_word' id='word_1_116' title='bbox 1110 2451 1321 2536; x_wconf 67' lang='lat' dir='ltr'><strong>‘concilium</strong></span> 
     </span>
     <span class='ocr_line' id='line_1_22' title="bbox 210 2535 1322 2641; baseline 0.003 -22"><span class='ocrx_word' id='word_1_117' title='bbox 210 2535 319 2584; x_wconf 58' lang='lat' dir='ltr'><strong>“Lm&#39;&#39;</strong></span> <span class='ocrx_word' id='word_1_118' title='bbox 369 2556 413 2620; x_wconf 87' lang='lat' dir='ltr'><strong>ud</strong></span> <span class='ocrx_word' id='word_1_119' title='bbox 448 2559 540 2641; x_wconf 91' lang='lat' dir='ltr'><strong>quod</strong></span> <span class='ocrx_word' id='word_1_120' title='bbox 585 2558 701 2624; x_wconf 86' lang='lat' dir='ltr'><strong>Graeci</strong></span> <span class='ocrx_word' id='word_1_121' title='bbox 736 2567 772 2624; x_wconf 90' lang='lat' dir='ltr'><strong>et</strong></span> <span class='ocrx_word' id='word_1_122' title='bbox 805 2559 945 2624; x_wconf 82' lang='lat' dir='ltr'><strong>Tartari</strong></span> <span class='ocrx_word' id='word_1_123' title='bbox 978 2558 1149 2623; x_wconf 85' lang='lat' dir='ltr'><strong>solemnes</strong></span> <span class='ocrx_word' id='word_1_124' title='bbox 1182 2559 1322 2623; x_wconf 88' lang='lat' dir='ltr'><strong>nuntios</strong></span> 
     </span>
     <span class='ocr_line' id='line_1_23' title="bbox 371 2657 1322 2724; baseline 0.002 -3"><span class='ocrx_word' id='word_1_125' title='bbox 371 2659 645 2724; x_wconf 87' lang='lat' dir='ltr'><strong>transmiserunt.</strong></span> <span class='ocrx_word' id='word_1_126' title='bbox 706 2657 822 2724; x_wconf 84' lang='lat' dir='ltr'><strong>Graeci</strong></span> <span class='ocrx_word' id='word_1_127' title='bbox 848 2659 891 2723; x_wconf 91' lang='lat' dir='ltr'><strong>ad</strong></span> <span class='ocrx_word' id='word_1_128' title='bbox 918 2659 1085 2724; x_wconf 88' lang='lat' dir='ltr'><strong>unitatem</strong></span> <span class='ocrx_word' id='word_1_129' title='bbox 1107 2659 1261 2723; x_wconf 83' lang='lat' dir='ltr'><strong>ecclesiae</strong></span> <span class='ocrx_word' id='word_1_130' title='bbox 1283 2679 1322 2723; x_wconf 92' lang='lat' dir='ltr'><strong>se</strong></span> 
     </span>
     <span class='ocr_line' id='line_1_24' title="bbox 369 2751 1321 2842; baseline 0.001 -21"><span class='ocrx_word' id='word_1_131' title='bbox 369 2751 498 2822; x_wconf 82' lang='lat' dir='ltr'><strong>⁵redire</strong></span> <span class='ocrx_word' id='word_1_132' title='bbox 528 2759 765 2841; x_wconf 86' lang='lat' dir='ltr'><strong>spondebant:</strong></span> <span class='ocrx_word' id='word_1_133' title='bbox 801 2761 837 2822; x_wconf 91' lang='lat' dir='ltr'><strong>in</strong></span> <span class='ocrx_word' id='word_1_134' title='bbox 871 2759 972 2842; x_wconf 86' lang='lat' dir='ltr'><strong>cujus</strong></span> <span class='ocrx_word' id='word_1_135' title='bbox 1002 2759 1142 2823; x_wconf 88' lang='lat' dir='ltr'><strong>evidens</strong></span> <span class='ocrx_word' id='word_1_136' title='bbox 1171 2759 1321 2842; x_wconf 79' lang='lat' dir='ltr'><strong>signum,</strong></span> 
     </span>
     <span class='ocr_line' id='line_1_25' title="bbox 369 2852 1321 2944; baseline 0.003 -23"><span class='ocrx_word' id='word_1_137' title='bbox 369 2877 447 2921; x_wconf 90' lang='lat' dir='ltr'><strong>cum</strong></span> <span class='ocrx_word' id='word_1_138' title='bbox 484 2866 684 2924; x_wconf 87' lang='lat' dir='ltr'><strong>cantaretur</strong></span> <span class='ocrx_word' id='word_1_139' title='bbox 719 2859 932 2944; x_wconf 86' lang='lat' dir='ltr'><strong>Symbolum,</strong></span> <span class='ocrx_word' id='word_1_140' title='bbox 970 2852 1148 2923; x_wconf 83' lang='lat' dir='ltr'><strong>⁶bortuute</strong></span> <span class='ocrx_word' id='word_1_141' title='bbox 1182 2859 1321 2924; x_wconf 91' lang='lat' dir='ltr'><strong>domino</strong></span> 
     </span>
     <span class='ocr_line' id='line_1_26' title="bbox 369 2958 1320 3042; baseline 0.003 -21"><span class='ocrx_word' id='word_1_142' title='bbox 369 2976 473 3041; x_wconf 87' lang='lat' dir='ltr'><strong>papa,</strong></span> <span class='ocrx_word' id='word_1_143' title='bbox 497 2960 588 3024; x_wconf 86' lang='lat' dir='ltr'><strong>trina</strong></span> <span class='ocrx_word' id='word_1_144' title='bbox 610 2960 685 3023; x_wconf 90' lang='lat' dir='ltr'><strong>vice</strong></span> <span class='ocrx_word' id='word_1_145' title='bbox 707 2961 819 3024; x_wconf 89' lang='lat' dir='ltr'><strong>nuntii</strong></span> <span class='ocrx_word' id='word_1_146' title='bbox 844 2979 975 3037; x_wconf 90' lang='lat' dir='ltr'><strong>eorum,</strong></span> <span class='ocrx_word' id='word_1_147' title='bbox 1004 2958 1072 3024; x_wconf 89' lang='lat' dir='ltr'><strong>‘Et</strong></span> <span class='ocrx_word' id='word_1_148' title='bbox 1094 2959 1129 3023; x_wconf 93' lang='lat' dir='ltr'><strong>in</strong></span> <span class='ocrx_word' id='word_1_149' title='bbox 1153 2959 1320 3042; x_wconf 88' lang='lat' dir='ltr'><strong>Spiritum</strong></span> 
     </span>
     <span class='ocr_line' id='line_1_27' title="bbox 370 3057 1320 3143; baseline 0.003 -23"><span class='ocrx_word' id='word_1_150' title='bbox 370 3057 535 3121; x_wconf 86' lang='lat' dir='ltr'><strong>Sanctum</strong></span> <span class='ocrx_word' id='word_1_151' title='bbox 569 3059 755 3124; x_wconf 91' lang='lat' dir='ltr'><strong>Dominum</strong></span> <span class='ocrx_word' id='word_1_152' title='bbox 784 3060 1027 3135; x_wconf 86' lang='lat' dir='ltr'><strong>vivificantem,</strong></span> <span class='ocrx_word' id='word_1_153' title='bbox 1051 3061 1111 3143; x_wconf 93' lang='lat' dir='ltr'><strong>qui</strong></span> <span class='ocrx_word' id='word_1_154' title='bbox 1138 3079 1184 3125; x_wconf 86' lang='lat' dir='ltr'><strong>ex</strong></span> <span class='ocrx_word' id='word_1_155' title='bbox 1214 3059 1320 3125; x_wconf 86' lang='lat' dir='ltr'><strong>Patre</strong></span> 
     </span>
     <span class='ocr_line' id='line_1_28' title="bbox 372 3157 1322 3243; baseline 0.005 -23"><span class='ocrx_word' id='word_1_156' title='bbox 372 3157 530 3240; x_wconf 90' lang='lat' dir='ltr'><strong>Filioque</strong></span> <span class='ocrx_word' id='word_1_157' title='bbox 566 3159 745 3242; x_wconf 86' lang='lat' dir='ltr'><strong>procedit‚&#39;</strong></span> <span class='ocrx_word' id='word_1_158' title='bbox 782 3160 1037 3243; x_wconf 84' lang='lat' dir='ltr'><strong>replicaverunt</strong></span> <span class='ocrx_word' id='word_1_159' title='bbox 1067 3159 1249 3224; x_wconf 83' lang='lat' dir='ltr'><strong>celebriter</strong></span> <span class='ocrx_word' id='word_1_160' title='bbox 1286 3170 1322 3225; x_wconf 92' lang='lat' dir='ltr'><strong>et</strong></span> 
     </span>
     <span class='ocr_line' id='line_1_29' title="bbox 369 3257 1320 3325; baseline 0.004 -5"><span class='ocrx_word' id='word_1_161' title='bbox 369 3257 503 3322; x_wconf 88' lang='lat' dir='ltr'><strong>devote.</strong></span> <span class='ocrx_word' id='word_1_162' title='bbox 569 3259 693 3323; x_wconf 89' lang='lat' dir='ltr'><strong>Nuntii</strong></span> <span class='ocrx_word' id='word_1_163' title='bbox 721 3279 804 3324; x_wconf 91' lang='lat' dir='ltr'><strong>vero</strong></span> <span class='ocrx_word' id='word_1_164' title='bbox 833 3261 1059 3325; x_wconf 83' lang='lat' dir='ltr'><strong>Tartarorum</strong></span> <span class='ocrx_word' id='word_1_165' title='bbox 1087 3259 1177 3324; x_wconf 89' lang='lat' dir='ltr'><strong>insra</strong></span> <span class='ocrx_word' id='word_1_166' title='bbox 1206 3261 1320 3325; x_wconf 86' lang='lat' dir='ltr'><strong>couci·</strong></span> 
     </span>
     <span class='ocr_line' id='line_1_30' title="bbox 210 3356 1319 3443; baseline 0.005 -24"><span class='ocrx_word' id='word_1_167' title='bbox 210 3381 356 3420; x_wconf 60' lang='lat' dir='ltr'><strong>riennes</strong></span> <span class='ocrx_word' id='word_1_168' title='bbox 370 3356 454 3420; x_wconf 92' lang='lat' dir='ltr'><strong>lium</strong></span> <span class='ocrx_word' id='word_1_169' title='bbox 473 3357 638 3441; x_wconf 86' lang='lat' dir='ltr'><strong>baptizati</strong></span> <span class='ocrx_word' id='word_1_170' title='bbox 656 3359 699 3423; x_wconf 88' lang='lat' dir='ltr'><strong>ad</strong></span> <span class='ocrx_word' id='word_1_171' title='bbox 715 3362 853 3443; x_wconf 88' lang='lat' dir='ltr'><strong>propria</strong></span> <span class='ocrx_word' id='word_1_172' title='bbox 871 3361 1055 3425; x_wconf 88' lang='lat' dir='ltr'><strong>redierunt.</strong></span> <span class='ocrx_word' id='word_1_173' title='bbox 1110 3360 1192 3424; x_wconf 86' lang='lat' dir='ltr'><strong>Fuit</strong></span> <span class='ocrx_word' id='word_1_174' title='bbox 1204 3368 1319 3425; x_wconf 87' lang='lat' dir='ltr'><strong>autem</strong></span> 
     </span>
     <span class='ocr_line' id='line_1_31' title="bbox 209 3430 1319 3543; baseline 0.006 -23"><span class='ocrx_word' id='word_1_175' title='bbox 209 3430 331 3531; x_wconf 48' lang='lat' dir='ltr'><strong>iiiiii*</strong></span> <span class='ocrx_word' id='word_1_176' title='bbox 369 3457 591 3540; x_wconf 86' lang='lat' dir='ltr'><strong>praelatorum</strong></span> <span class='ocrx_word' id='word_1_177' title='bbox 614 3479 776 3524; x_wconf 89' lang='lat' dir='ltr'><strong>numerus</strong></span> <span class='ocrx_word' id='word_1_178' title='bbox 799 3462 858 3543; x_wconf 94' lang='lat' dir='ltr'><strong>qui</strong></span> <span class='ocrx_word' id='word_1_179' title='bbox 882 3461 962 3525; x_wconf 88' lang='lat' dir='ltr'><strong>huic</strong></span> <span class='ocrx_word' id='word_1_180' title='bbox 988 3459 1133 3526; x_wconf 85' lang='lat' dir='ltr'><strong>concilio</strong></span> <span class='ocrx_word' id='word_1_181' title='bbox 1156 3459 1319 3527; x_wconf 86' lang='lat' dir='ltr'><strong>interlue-</strong></span> 
     </span>
     <span class='ocr_line' id='line_1_32' title="bbox 209 3533 1320 3644; baseline 0.007 -26"><span class='ocrx_word' id='word_1_182' title='bbox 209 3533 299 3571; x_wconf 51' lang='grc' dir='ltr'><strong>’Μ</strong></span> <span class='ocrx_word' id='word_1_183' title='bbox 369 3566 450 3622; x_wconf 92' lang='lat' dir='ltr'><strong>runt</strong></span> <span class='ocrx_word' id='word_1_184' title='bbox 466 3558 618 3641; x_wconf 89' lang='lat' dir='ltr'><strong>episcopi</strong></span> <span class='ocrx_word' id='word_1_185' title='bbox 635 3560 825 3642; x_wconf 81' lang='lat' dir='ltr'><strong>quingenti,</strong></span> <span class='ocrx_word' id='word_1_186' title='bbox 844 3562 988 3626; x_wconf 83' lang='lat' dir='ltr'><strong>abbates</strong></span> <span class='ocrx_word' id='word_1_187' title='bbox 1005 3561 1212 3642; x_wconf 83' lang='lat' dir='ltr'><strong>sexaginta:</strong></span> <span class='ocrx_word' id='word_1_188' title='bbox 1235 3581 1320 3644; x_wconf 73' lang='lat' dir='ltr'><strong>prae·</strong></span> 
     </span>
    </p>
   </div>
   <div class='ocr_carea' id='block_1_7' title="bbox 368 3657 1318 3745">
    <p class='ocr_par' dir='ltr' id='par_1_7' title="bbox 368 3657 1318 3745">
     <span class='ocr_line' id='line_1_33' title="bbox 368 3657 1318 3745; baseline 0.004 -25"><span class='ocrx_word' id='word_1_189' title='bbox 368 3657 432 3722; x_wconf 93' lang='lat' dir='ltr'><strong>lati</strong></span> <span class='ocrx_word' id='word_1_190' title='bbox 457 3678 538 3724; x_wconf 88' lang='lat' dir='ltr'><strong>vero</strong></span> <span class='ocrx_word' id='word_1_191' title='bbox 561 3659 621 3723; x_wconf 86' lang='lat' dir='ltr'><strong>alii</strong></span> <span class='ocrx_word' id='word_1_192' title='bbox 644 3660 735 3724; x_wconf 87' lang='lat' dir='ltr'><strong>circa</strong></span> <span class='ocrx_word' id='word_1_193' title='bbox 757 3661 859 3727; x_wconf 89' lang='lat' dir='ltr'><strong>mille.</strong></span> <span class='ocrx_word' id='word_1_194' title='bbox 906 3659 950 3725; x_wconf 93' lang='lat' dir='ltr'><strong>In</strong></span> <span class='ocrx_word' id='word_1_195' title='bbox 973 3661 1038 3725; x_wconf 91' lang='lat' dir='ltr'><strong>hac</strong></span> <span class='ocrx_word' id='word_1_196' title='bbox 1060 3681 1160 3727; x_wconf 88' lang='lat' dir='ltr'><strong>sacra</strong></span> <span class='ocrx_word' id='word_1_197' title='bbox 1186 3661 1318 3745; x_wconf 90' lang='lat' dir='ltr'><strong>synodo</strong></span> 
     </span>
    </p>
   </div>
   <div class='ocr_carea' id='block_1_8' title="bbox 368 3906 1285 4252">
    <p class='ocr_par' dir='ltr' id='par_1_8' title="bbox 401 3906 1285 4045">
     <span class='ocr_line' id='line_1_34' title="bbox 405 3906 1285 3972; baseline -0.002 -10"><span class='ocrx_word' id='word_1_198' title='bbox 405 3907 572 3962; x_wconf 82' lang='lat' dir='ltr'><strong>&#39;‘Gastode</strong></span> <span class='ocrx_word' id='word_1_199' title='bbox 584 3906 693 3972; x_wconf 56' lang='lat' dir='ltr'><strong>Berua?</strong></span> <span class='ocrx_word' id='word_1_200' title='bbox 706 3912 818 3962; x_wconf 65' lang='lat' dir='ltr'><strong>Antan</strong></span> <span class='ocrx_word' id='word_1_201' title='bbox 891 3911 971 3961; x_wconf 77' lang='lat' dir='ltr'><strong>⁴Tho</strong></span> <span class='ocrx_word' id='word_1_202' title='bbox 985 3911 1042 3961; x_wconf 80' lang='lat' dir='ltr'><strong>lltb</strong></span> <span class='ocrx_word' id='word_1_203' title='bbox 1054 3912 1165 3963; x_wconf 81' lang='lat' dir='ltr'><strong>Geueral</strong></span> <span class='ocrx_word' id='word_1_204' title='bbox 1176 3912 1285 3962; x_wconf 83' lang='lat' dir='ltr'><strong>council.</strong></span> 
     </span>
     <span class='ocr_line' id='line_1_35' title="bbox 401 3977 831 4045; baseline 0.002 -16"><span class='ocrx_word' id='word_1_205' title='bbox 401 3977 413 4007; x_wconf 79' lang='lat'>‘</span> <span class='ocrx_word' id='word_1_206' title='bbox 428 3982 502 4030; x_wconf 85' lang='lat' dir='ltr'><strong>From</strong></span> <span class='ocrx_word' id='word_1_207' title='bbox 514 3980 618 4030; x_wconf 67' lang='lat' dir='ltr'><strong>Anaud</strong></span> <span class='ocrx_word' id='word_1_208' title='bbox 629 3984 677 4032; x_wconf 75' lang='lat' dir='ltr'><strong>Ar.</strong></span> <span class='ocrx_word' id='word_1_209' title='bbox 685 3987 734 4032; x_wconf 70' lang='lat'><strong>220</strong></span> <span class='ocrx_word' id='word_1_210' title='bbox 744 3999 751 4032; x_wconf 72' lang='grc' dir='ltr'><strong>ε</strong></span> <span class='ocrx_word' id='word_1_211' title='bbox 761 3984 831 4045; x_wconf 73' lang='lat' dir='ltr'><strong>‘egit</strong></span> 
     </span>
    </p>

    <p class='ocr_par' dir='ltr' id='par_1_9' title="bbox 368 4046 1207 4173">
     <span class='ocr_line' id='line_1_36' title="bbox 368 4046 1207 4115; baseline 0.001 -15"><span class='ocrx_word' id='word_1_212' title='bbox 368 4052 394 4100; x_wconf 90' lang='lat' dir='ltr'><strong>iu</strong></span> <span class='ocrx_word' id='word_1_213' title='bbox 405 4051 492 4114; x_wconf 77' lang='lat' dir='ltr'><strong>fugam</strong></span> <span class='ocrx_word' id='word_1_214' title='bbox 501 4046 515 4110; x_wconf 73' lang='grc' dir='ltr'><strong>ς’</strong></span> <span class='ocrx_word' id='word_1_215' title='bbox 531 4053 591 4101; x_wconf 84' lang='lat' dir='ltr'><strong>Cud.</strong></span> <span class='ocrx_word' id='word_1_216' title='bbox 605 4053 667 4115; x_wconf 74' lang='lat' dir='ltr'><strong>Reg.</strong></span> <span class='ocrx_word' id='word_1_217' title='bbox 890 4048 900 4078; x_wconf 79' lang='lat'>⁸</span> <span class='ocrx_word' id='word_1_218' title='bbox 916 4047 1064 4112; x_wconf 77' lang='lat' dir='ltr'><strong>‘redder03&#39;</strong></span> <span class='ocrx_word' id='word_1_219' title='bbox 1076 4051 1113 4099; x_wconf 86' lang='lat' dir='ltr'><strong>M.</strong></span> <span class='ocrx_word' id='word_1_220' title='bbox 1124 4055 1148 4100; x_wconf 88' lang='lat' dir='ltr'><strong>et</strong></span> <span class='ocrx_word' id='word_1_221' title='bbox 1159 4050 1207 4101; x_wconf 77' lang='lat' dir='ltr'><strong>Ar.</strong></span> 
     </span>
     <span class='ocr_line' id='line_1_37' title="bbox 402 4118 828 4173; baseline 0.005 -4"><span class='ocrx_word' id='word_1_222' title='bbox 402 4118 413 4151; x_wconf 80' lang='lat'>⁸</span> <span class='ocrx_word' id='word_1_223' title='bbox 428 4122 490 4170; x_wconf 85' lang='lat' dir='ltr'><strong>This</strong></span> <span class='ocrx_word' id='word_1_224' title='bbox 505 4122 576 4170; x_wconf 83' lang='lat' dir='ltr'><strong>word</strong></span> <span class='ocrx_word' id='word_1_225' title='bbox 594 4123 617 4171; x_wconf 83' lang='lat' dir='ltr'><strong>is</strong></span> <span class='ocrx_word' id='word_1_226' title='bbox 635 4122 698 4171; x_wconf 83' lang='lat' dir='ltr'><strong>t&#39;rorn</strong></span> <span class='ocrx_word' id='word_1_227' title='bbox 719 4123 758 4173; x_wconf 86' lang='grc' dir='ltr'><strong>Μ.</strong></span> <span class='ocrx_word' id='word_1_228' title='bbox 779 4122 828 4171; x_wconf 89' lang='lat' dir='ltr'><strong>aud</strong></span> 
     </span>
    </p>

    <p class='ocr_par' dir='ltr' id='par_1_10' title="bbox 368 4187 1191 4252">
     <span class='ocr_line' id='line_1_38' title="bbox 368 4187 1191 4252; baseline 0.001 -13"><span class='ocrx_word' id='word_1_229' title='bbox 368 4192 415 4240; x_wconf 72' lang='lat' dir='ltr'><strong>Ar.</strong></span> <span class='ocrx_word' id='word_1_230' title='bbox 891 4188 901 4219; x_wconf 77' lang='lat'>⁸</span> <span class='ocrx_word' id='word_1_231' title='bbox 917 4187 1045 4252; x_wconf 83' lang='lat' dir='ltr'><strong>‘orunte;&#39;</strong></span> <span class='ocrx_word' id='word_1_232' title='bbox 1057 4191 1096 4240; x_wconf 82' lang='lat' dir='ltr'><strong>M.</strong></span> <span class='ocrx_word' id='word_1_233' title='bbox 1108 4196 1132 4239; x_wconf 81' lang='lat' dir='ltr'><strong>et</strong></span> <span class='ocrx_word' id='word_1_234' title='bbox 1143 4189 1191 4240; x_wconf 77' lang='lat' dir='ltr'><strong>Ar.</strong></span> 
     </span>
    </p>
   </div>
   <div class='ocr_carea' id='block_1_9' title="bbox 0 0 1453 4860">
    <p class='ocr_par' dir='ltr' id='par_1_11' title="bbox 0 0 1453 4860">
     <span class='ocr_line' id='line_1_39' title="bbox 0 0 1453 4860; baseline 0 0"><span class='ocrx_word' id='word_1_235' title='bbox 0 0 1453 4860; x_wconf 95' lang='lat' dir='ltr'><strong> </strong></span> 
     </span>
    </p>
   </div>
  </div>
 </body>
</html>
