2896 4860
370 373 414 437 78
725 389 797 438 ruo.
821 389 970 436 sarvam

204 575 326 625 manue
421 544 616 610 Lodovicus
639 563 701 607 rex
725 542 949 619 Francorum,
971 541 1171 606 convocatis
1188 542 1323 605 baroni-

203 626 335 726 ῗὲἷιῗῖῗῖης
369 647 434 710 bus
469 645 567 727 regni
600 643 667 721 sui,
704 643 843 724 rogavit
883 661 955 718 eos,
989 648 1028 705 ut
1060 640 1213 705 Henrico
1249 641 1323 723 regi

203 726 331 814 mrsu
364 744 495 830 juniori
515 744 682 808 essentia
706 743 875 807 auxilium
895 745 1016 806 contra
1036 748 1182 823 patrem.
1234 739 1322 804 Tres

368 845 476 926 igitur
489 844 644 921 comites,
662 840 1137 935 Elandrensis,(larnotensis,
1148 847 1183 905 et
1192 833 1323 905 ¹Glare

369 944 575 1021 montensis„
603 943 811 1028 juraverunt
845 961 883 1006 se
920 940 1202 1006 transfretaturos
1242 958 1321 1004 cum

368 1063 450 1126 rege
469 1043 620 1128 juniore,
641 1049 677 1107 et
690 1043 800 1107 eidem
814 1060 957 1124 regnum
972 1040 1111 1122 Angliae
1124 1060 1168 1105 ex
1184 1039 1321 1121 integro

368 1144 585 1208 subacturos.
647 1141 719 1206 Alii
744 1161 826 1206 vero
853 1141 1073 1224 juraverunt,
1114 1140 1206 1224 quod
1242 1158 1319 1203 cum

368 1244 521 1307 exercitu
545 1263 607 1325 per
631 1241 881 1305 Normanniam
903 1247 1098 1323 pergerent,
1118 1247 1154 1305 et
1174 1239 1321 1304 castella

367 1343 631 1425 pessundarent,
647 1336 848 1423 ²urbemque
871 1339 1128 1422 Rotbomagum
1142 1338 1320 1404 obsidione

369 1442 557 1523 cingerent,
582 1441 675 1523 quod
698 1440 818 1522 utique
837 1440 919 1503 licet
943 1440 1212 1521 aggrederentur
1235 1438 1319 1502 nihii

238 1571 252 1600 n
369 1542 506 1623 penitus
523 1539 752 1623 profecerunt.
805 1538 886 1602 Rex
904 1539 994 1602 enim
1012 1539 1189 1603 Henricus
1206 1539 1321 1603 senior

213 1622 227 1650 ¹¹
317 1636 324 1649 ‘
368 1639 511 1703 castella
535 1658 611 1717 sua,
637 1659 715 1721 quae
741 1647 840 1703 erant
868 1638 1053 1703 infinibus
1083 1638 1319 1716 Normanniae,

366 1738 485 1816 armis,
506 1738 685 1816 militibus,
700 1745 735 1802 et
751 1738 959 1803 victualibus
980 1740 1109 1822 optime
1130 1737 1320 1803 communi·

366 1836 428 1901 vit.
481 1838 647 1903 Removit
666 1839 770 1902 etiam
798 1837 964 1920 quosdam
993 1839 1212 1903 castellorum
1242 1856 1320 1901 cus-

367 1935 478 2015 todes,
502 1957 588 2020 quos
609 1938 758 2001 babebat
779 1944 972 2020 suspectos,
995 1937 1113 2001 fideles
1135 1937 1319 2019 dequibus

366 2035 562 2102 confidebat
577 2038 802 2102 substituens.
856 2037 989 2102 Multos
1004 2037 1109 2101 etiam
1125 2035 1168 2100 de
1182 2036 1321 2100 baroni-

321 2148 327 2158 ·
366 2134 431 2200 bus
462 2136 619 2201 Franciae
642 2130 833 2201 ³oberratos
861 2136 1021 2213 habebat,
1046 2144 1082 2201 et
1105 2136 1170 2200 sibi
1196 2135 1318 2199 famili-

366 2254 444 2300 ares
471 2237 600 2301 fecerat
629 2237 802 2320 obsequiis
833 2243 939 2318 atque
971 2236 1082 2300 donis.
1133 2233 1319 2300 Allocutus

367 2342 421 2400 est
448 2337 553 2400 etiam
586 2338 732 2401 barones
765 2335 1002 2412 Normanniae,
1037 2343 1072 2399 et
1107 2335 1319 2399 obsecrando

366 2433 525 2501 hortatus
548 2445 612 2513 est,
635 2444 674 2500 ut
687 2435 833 2500 viriliter
847 2454 889 2499 ac
906 2434 1053 2499 fideliter
1074 2441 1230 2516 agerent,
1246 2454 1319 2499 me·

365 2554 546 2619 moresque
578 2543 705 2613 essent,
737 2535 908 2617 quomodo
939 2542 1055 2617 patres
1081 2552 1201 2598 eorum
1229 2535 1320 2598 mul·

365 2636 494 2700 totiens
534 2635 686 2699 Francos
718 2635 802 2699 fines
839 2652 957 2699 eorum
992 2633 1206 2711 invadentes,
1239 2654 1316 2699 cum

365 2753 482 2799 eorum
500 2735 717 2810 verecundia,
733 2733 868 2798 fortiter
883 2727 1121 2817 ‘expulissent

417 2834 563 2911 Deinde,
586 2835 706 2916 paucis
730 2840 791 2899 aut
816 2833 919 2896 nuliis
948 2832 991 2896 de
1018 2834 1204 2897 baronibus
1229 2832 1318 2897 Nor·

204 2914 273 2990 v‘'⁰¹¹
290 2915 303 2952 ³
366 2934 514 2997 manniae
541 2933 739 3016 assumptis,
767 2952 844 2996 cum
872 2933 1154 2997 Brabanzonibus
1183 2932 1219 2996 in
1245 2932 1319 2997 An·

225 3013 307 3093 'imis
323 3032 342 3094 ὀ
366 3032 473 3114 giiam
487 3032 726 3108 transfretans,
743 3053 821 3097 eum
845 3031 998 3095 maxima
1016 3031 1209 3096 humilitate
1226 3039 1317 3096 tum·

228 3113 251 3143 ⁸¹
285 3129 291 3142 ‘
366 3133 446 3196 bam
473 3132 564 3196 beati
590 3130 734 3197 Thomae
764 3132 926 3215 martyris
956 3131 1132 3197 visitavit:
1166 3140 1205 3196 ut
1226 3134 1316 3198 enim

367 3230 650 3296 cantuariensem
668 3232 753 3296 vidit
769 3232 961 3309 ecclesiam,
980 3251 1069 3314 equo
1087 3232 1259 3311 desiliens,
1282 3234 1318 3297 in

366 3337 463 3395 veste
489 3332 602 3410 lanea,
626 3331 727 3395 nudis
754 3332 897 3414 pedibus
922 3331 1118 3414 peditando,
1141 3333 1317 3414 usquead

366 3430 473 3507 illam,
501 3451 564 3513 per
592 3431 735 3515 paludes
760 3438 796 3495 et
823 3449 910 3495 saxa
937 3438 1052 3507 acuta,
1081 3449 1158 3494 cum
1182 3451 1318 3496 summa

365 3531 549 3595 devotione
565 3531 729 3614 perrexit.
774 3529 831 3596 Ad
849 3530 1041 3613 sepulcrum
1058 3549 1140 3594 vero
1156 3532 1318 3614 martyris

365 3638 571 3713 prostratus,
587 3632 622 3693 in
639 3631 793 3695 oratione
806 3637 842 3694 et
859 3630 894 3693 in
905 3631 1075 3713 lacrymas
1091 3630 1141 3694 ita
1156 3630 1317 3713 profusus

365 3738 430 3808 est,
455 3738 493 3794 ut
523 3730 701 3795 adstantes
732 3730 835 3794 etiam
868 3729 913 3794 ad
942 3730 1113 3814 lacrymas
1141 3730 1317 3795 invitaret.

368 3829 471 3894 Feria
498 3838 600 3894 sexta
626 3829 708 3894 illue
731 3837 886 3909 venerat,
911 3837 947 3895 et
968 3831 1164 3913 impransus
1190 3831 1317 3894 ibidem

402 4025 409 4056 ¹
422 4024 673 4086 ‘claromontanum'
686 4024 755 4077 D‘A.
841 4029 905 4109 ,this
924 4030 957 4090 by
973 4030 1139 4091 substituting
1157 4024 1319 4080 ‘obaeratum’

401 4096 594 4160 ¹‘patriamque
606 4101 733 4178 vastarent
740 4096 756 4157 ;’
774 4099 813 4148 M.
840 4099 897 4193 Γ(
906 4099 1034 4180 aberratos
1044 4095 1060 4159 3’
1073 4095 1139 4148 n'A.
1161 4165 1167 4184 .

401 4167 487 4218 ³Hall
509 4167 697 4228 nnnecessanly
720 4173 841 4226 correcta
886 4166 896 4196 ⁴
910 4166 1119 4231 ‘expulsmsent3’
1132 4167 1201 4218 DA.
