2896 4860
540 395 721 445 nausees.
1039 378 1107 444 399

156 552 281 618 milites
300 553 440 636 quidam
462 554 499 617 in
522 554 708 636 praesentia
728 553 809 619 cleri
833 559 870 617 et
891 553 1012 636 populi
1034 553 1105 619 Pa·

156 653 247 717 risiis
277 655 492 736 congregati,
519 674 619 737 papea
653 652 835 718 Bonifacio
857 653 969 718 multa
993 653 1104 737 impo-

156 762 301 817 suerunt
330 753 496 831 enormia,
526 762 611 836 puta
644 753 813 828 haeresim,
848 753 1043 830 simoniam,
1069 761 1104 818 et

157 852 359 918 homicidia:
396 861 536 936 propter
566 873 645 936 quac
667 872 729 936 per
752 872 866 934 regem
891 852 1103 935 appellatum

157 960 211 1016 est
233 960 355 1017 contra
383 972 461 1016 eum
486 953 529 1016 ad
559 952 665 1016 Illum
688 952 787 1036 cujus
815 953 968 1027 interest,
995 952 1104 1016 donec

156 1061 347 1116 convocato
372 1052 517 1117 concilio
538 1071 576 1116 se
599 1071 621 1115 a
640 1051 839 1116 criminibus
857 1061 1022 1134 purgaret
1041 1053 1103 1116 ob·

150 1151 266 1235 jectis

207 1250 390 1333 Philippus
412 1249 503 1313 filius
526 1249 661 1315 comitis
690 1249 876 1327 Flandriae,
900 1250 1104 1316 coadunatis
1118 1265 1220 1316 influet

156 1352 274 1416 multis
295 1349 476 1415 Teutoniae
493 1349 738 1433 stipendiariis,
765 1350 949 1415 Franciam
975 1316 1227 1432 ingres-iffi

156 1471 228 1529 sus,
265 1458 416 1514 castrum
439 1450 475 1514 S.
502 1449 693 1514 Andomari
722 1449 878 1530 obsedit;
921 1451 994 1527 sed,
1026 1470 1104 1516 cum
1118 1415 1245 1507 mm

158 1552 241 1615 nihil
262 1551 454 1634 proficeret,
479 1549 658 1614 discedens
679 1550 798 1614 urbem
816 1550 1031 1614 Morinorum
1052 1551 1105 1614 in·

155 1650 283 1716 cendit.
336 1650 518 1732 Philippus
537 1650 749 1714 Francorum
763 1670 839 1727 rex,
854 1670 975 1714 versus
998 1650 1103 1713 Flan-

156 1750 266 1815 driam
292 1770 370 1814 cum
400 1751 556 1814 exercitu
586 1768 803 1832 progressus,
828 1751 981 1832 acceptis
1010 1758 1104 1814 treu-

157 1852 212 1933 gis
238 1851 409 1932 inglorius
436 1858 490 1914 est
520 1868 688 1914 reversus.
757 1843 975 1915 ¹B0nifacins
1000 1868 1104 1932 papa,
1117 1861 1245 1903 Bonum·

159 1950 355 2032 Anagniam
377 1949 521 2031 originis
541 1969 616 2012 sues
644 1949 763 2012 urbem
782 1949 935 2026 veniens,
958 1950 1025 2013 sub
1048 1958 1104 2014 tu·
1117 1914 1248 2013 mian,

156 2050 227 2115 tela
249 2049 376 2115 civium
404 2067 442 2113 se
464 2048 616 2131 recepit;
651 2048 711 2110 ubi
737 2067 760 2112 a
789 2048 983 2113 fautoribus
1014 2048 1105 2131 regis
1118 2013 1269 2111 fflffifm

159 2151 383 2226 Francorum,
409 2168 558 2230 quorum:
581 2146 783 2229 capitaneus
807 2155 882 2212 erat
908 2146 1105 2213 Willelmus

157 2250 199 2314 de
216 2243 432 2330 ²Ungareto,
454 2255 576 2330 captus
598 2253 664 2323 est,
685 2255 721 2311 et
745 2247 894 2311 Romam
912 2247 1029 2311 venire
1047 2266 1106 2312 co·

156 2359 266 2415 actus.
332 2348 575 2412 Commoratus
608 2352 724 2410 autem
757 2345 849 2428 apud
882 2354 1034 2411 castrum
1070 2346 1105 2410 S.
1118 2358 1160 2447 32
1163 2357 1260 2448 3¹:53

159 2448 286 2530 Angeli
309 2468 353 2512 ex
378 2448 569 2523 anxietate,
593 2464 672 2527 qnae
697 2446 933 2528 multipliciter
958 2453 1245 2511 mortemarense

158 2550 234 2633 ejus
251 2554 492 2630 occupaverat,
517 2545 644 2610 decidit
665 2546 701 2608 in
720 2546 943 2628 languorem
966 2565 1036 2628 quo
1057 2546 1107 2609 in·

158 2649 365 2724 valescente,
397 2653 476 2729 post
503 2645 577 2709 dies
603 2645 737 2727 aliquot
759 2645 961 2728 exspiravit.
1019 2644 1104 2709 Suc·
1118 2662 1236 2703 neame-

158 2749 262 2814 cessit
288 2747 319 2812 ei
347 2747 465 2812 statim
499 2765 521 2809 a
552 2744 783 2809 cardinalibus
817 2745 948 2809 electus
970 2736 1105 2809 ³Bene-
1118 2713 1267 2803 iiir‘dl'xr.

157 2848 271 2912 dictus
309 2846 521 2922 undecimus,
559 2844 778 2909 Lumbardus
814 2845 966 2920 natione,
1004 2863 1107 2926 quem

157 2966 249 3031 papa
277 2947 477 3011 Bonifacius
502 2946 545 3010 de
575 2945 693 3010 ordine
720 2944 866 3008 fratrum
892 2942 1106 3010 Praedicato-

158 3067 246 3124 rum,
280 3047 379 3130 cujus
410 3045 577 3128 magister
607 3051 696 3122 erat,
729 3051 944 3126 assumptum
977 3042 1107 3108 fecerat

158 3148 356 3228 episcopum
385 3145 592 3209 Ostiensem.
645 3143 762 3208 Guido
790 3163 905 3208 comes
933 3143 1107 3208 Flandriae

158 3253 194 3311 et
219 3245 312 3308 filius
345 3245 421 3328 ejus
447 3244 635 3318 Robertus,
667 3263 689 3307 a
716 3243 876 3308 custodia
906 3263 967 3326 per
989 3263 1105 3326 regem

159 3345 316 3409 Franciae
341 3344 459 3420 soluti,
483 3351 522 3407 ut
546 3341 776 3406 Flandrenses
802 3342 846 3406 ad
870 3361 991 3425 pacem
1016 3343 1108 3426 regis

157 3446 371 3519 reducerent,
402 3444 438 3506 in
474 3441 674 3506 Flandriam
703 3442 1009 3521 transmittuntur,
1047 3443 1107 3506 sed

192 3666 200 3700 ¹
213 3670 286 3717 From
297 3662 467 3718 ‘Bonifacius'
476 3672 501 3716 to
509 3665 621 3716 ‘Ostiam
646 3665 794 3726 episcopus,
805 3664 850 3725 qui
862 3664 1018 3714 Benedictus
1027 3665 1108 3714 unde·

158 3736 223 3790 sem'
235 3740 257 3789 is
268 3739 372 3788 omitted
383 3740 410 3787 in
421 3737 513 3798 Wals„
524 3735 621 3799 though
646 3735 728 3784 cimus
740 3739 845 3784 vocatus
853 3734 921 3794 θεῖς’
936 3735 986 3796 Μ.,
995 3735 1108 3785 wherein

159 3809 425 3860 insertcdinanotber
435 3808 516 3870 place.
645 3804 716 3853 what
733 3803 832 3853 follows
855 3805 879 3853 is
902 3805 1017 3855 omitted.
1044 3805 1108 3855 ‘De

193 3875 620 3941 “Nugamt03'D'A.etAr.22⁰.
647 3874 695 3923 isto
717 3870 873 3936 Benedicto,’
893 3888 954 3936 says
969 3875 1050 3925 Wsls.
1066 3879 1110 3938 89,

193 3946 204 3980 ⁸
220 3949 313 3998 ‘stater
341 3949 466 3999 Nicolaus
493 3946 621 3997 Ostiensis
645 3943 768 4006 ‘quidam
779 3945 816 3993 sic
828 3944 874 4007 ait,

263 4073 303 4121 ‘A
317 4088 344 4122 re
355 4087 445 4122 nomen
457 4071 531 4133 baba,
543 4068 666 4131 Benedic,
677 4067 799 4130 Benefac,
811 4067 964 4130 Benedicta;

280 4144 335 4191 Aut
344 4157 397 4191 rem
409 4146 533 4205 perverts,
544 4139 667 4202 Maledic,
678 4137 800 4200 Malefsc,
810 4135 966 4189 Maledicte?
