2896 4860
373 401 439 465 310
735 419 806 467 nro.
822 419 970 467 ‘rnrrurr

377 577 578 659 Campaniae
609 578 822 642 comitatum.
876 578 1039 642 Mortuus
1060 583 1115 639 est
1142 574 1208 639 hoc
1233 592 1327 639 anno

378 678 525 743 Carolus
556 696 618 741 rex
651 676 790 754 Siciliae,
828 678 929 761 cujus
960 676 1058 757 regni
1096 694 1137 738 ac
1175 675 1322 739 filiorum

378 784 525 842 tutorem
546 795 638 861 papa
655 777 830 841 Martinus
843 777 1034 842 Robertum
1046 776 1203 840 comitem
1223 774 1325 839 Atre·

378 878 556 942 batensem
573 878 763 954 constituit,
779 877 926 960 largitus
938 876 1045 940 eidem
1063 876 1217 959 pecuniae
1227 894 1326 957 mag·

379 997 459 1041 nam
475 996 655 1041 summam.

431 1077 555 1141 Frater
586 1077 755 1154 Joannes,
779 1076 1003 1140 Dublinensis
1032 1074 1325 1157 archiepiscopus,

380 1197 457 1241 cum
473 1197 593 1241 versus
618 1177 797 1241 ecclesiam
812 1195 909 1240 suam
936 1176 1002 1239 iter
1018 1176 1231 1258 arripuisset,
1249 1194 1325 1239 cor·

380 1284 499 1360 reptus
527 1277 723 1342 infirmitate
746 1277 856 1359 gravi,
880 1276 1039 1340 ultimum
1064 1275 1153 1339 diem
1178 1275 1323 1339 clausit:

381 1378 480 1466 cujus
514 1396 637 1460 corpus
667 1378 702 1441 in
740 1377 845 1440 choro
874 1375 1019 1440 fratrum
1052 1375 1323 1439 Praedicatorum

382 1477 571 1541 Londoniis
594 1486 647 1541 est
668 1477 858 1540 humatum.
904 1475 981 1540 Nec
1006 1476 1114 1540 multo
1134 1485 1213 1558 post
1239 1475 1325 1540 obiit

382 1577 501 1641 eodem
528 1596 619 1640 anno
644 1578 737 1660 apud
762 1575 980 1641 Windelsore
1008 1575 1210 1659 Alphonsus
1232 1576 1325 1656 regis

382 1676 485 1752 filius,
507 1676 646 1760 juvenis
671 1677 810 1759 optimae
829 1676 967 1752 indolis,
992 1682 1028 1740 et
1042 1675 1226 1740 admodum
1244 1676 1325 1739 Dno

382 1775 548 1840 devotus:
576 1776 676 1859 cujus
699 1796 825 1858 corpus
849 1776 942 1859 apud
966 1775 1326 1852 westmonasterium,

382 1895 443 1939 cor
470 1895 551 1940 vero
582 1876 674 1957 apud
701 1875 953 1940 Praedicatores
983 1874 1184 1953 Londoniis,
1206 1877 1327 1958 regina

383 1982 492 2039 matre
523 1975 715 2053 ordinante,
744 1976 891 2040 traditur
913 1976 1112 2057 sepulturae.
1165 1975 1261 2040 Obiit
1291 1984 1327 2041 et

382 2074 447 2139 hoc
472 2095 563 2139 anno
590 2075 765 2140 Robertus
793 2076 835 2139 de
862 2069 1135 2151 ¹Wikbamtona,
1165 2075 1327 2141 Saresbe·

382 2176 505 2239 riensis
534 2177 735 2259 episcopus;
768 2177 822 2239 cui
855 2177 1021 2239 successit
1042 2176 1219 2241 Walterus
1246 2175 1327 2240 Sca·

381 2274 461 2352 mel,
489 2276 643 2340 ecclesiae
677 2275 830 2361 ejusdem
862 2274 1025 2340 decanus.
1079 2275 1204 2352 Maria,
1235 2275 1327 2357 regis

381 2374 453 2438 filia
475 2374 627 2457 Angliae,
654 2376 906 2441 Ambresberiae
934 2376 1204 2441 sanctimonialis
1226 2374 1329 2439 effici·

381 2484 449 2551 tur,
467 2477 668 2558 parentibus
688 2476 965 2551 assentientibus,
981 2476 1063 2540 licet
1084 2496 1161 2552 cum
1182 2474 1327 2540 difficul-

382 2582 466 2651 tate,
484 2575 528 2638 ad
545 2577 745 2641 instantiam
761 2576 881 2639 matris
899 2576 1001 2658 regis.

432 3078 517 3142 Rax
543 3076 692 3159 Angliae,
718 3078 761 3142 de
789 3078 967 3142 Bristollia
990 3076 1215 3165 Cantuariam
1248 3095 1329 3160 pro-

381 3176 505 3254 fectus,
537 3176 708 3260 disposuit
735 3172 786 3241 ²in
818 3177 954 3242 Gallias
981 3177 1231 3256 transfretare3
1264 3177 1326 3240 sed

382 3276 501 3342 audito
527 3298 663 3342 rumore
688 3278 731 3342 de
756 3278 955 3342 infirmitate
987 3276 1118 3352 matris,
1144 3277 1329 3341 revertitur

381 3375 676 3455 Ambresburiam,
692 3379 807 3442 missis
825 3379 954 3442 nuntiis
972 3379 1030 3459 qni
1049 3397 1086 3441 se
1101 3376 1193 3460 apud
1211 3395 1325 3458 regem

384 3476 552 3554 Franciae,
573 3478 615 3541 ud
636 3478 736 3562 cujus
756 3478 966 3562 colloquium
990 3476 1139 3560 speciale
1161 3476 1327 3540 invitatus

220 3589 323 3629 neusa
382 3576 507 3653 fuerat,
526 3585 744 3643 excusarent.
798 3578 939 3641 Mortuo
955 3596 1047 3660 papa
1068 3576 1235 3653 Martino,
1252 3596 1331 3640 soe

220 3639 299 3679 Mmln
310 3639 347 3679 1v.

219 3668 371 3780 gogffilss·
382 3675 473 3741 cedit
495 3677 527 3740 ei
554 3677 734 3741 Honorius
761 3677 840 3755 lv,
855 3678 995 3741 natione
1015 3676 1206 3752 Romanus,
1233 3677 1329 3759 prius

218 3791 324 3830 mecedo
381 3775 494 3840 dictus
518 3775 672 3841 Jacobus
704 3777 747 3841 de
770 3777 921 3854 Sabella,
951 3777 1008 3840 coi
1034 3775 1159 3859 pedum
1189 3794 1230 3839 ac
1260 3794 1330 3839 ma-

380 3885 487 3939 nudm
520 3875 592 3941 fere
621 3876 770 3940 officium
804 3878 996 3942 abstulerat
1027 3874 1207 3940 arthritica
1231 3877 1330 3957 aegri·

413 4081 641 4146 '‘Wikhanton;'
672 4087 712 4135 Μ.
739 4091 763 4136 et
792 4087 840 4136 Ar.
902 4086 977 4137 '‘in
1005 4084 1140 4149 Galliaa3’
1171 4091 1274 4140 omitted
1303 4091 1329 4140 in

375 4155 598 4216 ‘winchintonas
622 4158 683 4207 cod.
709 4157 773 4220 Reg.
799 4172 840 4206 su·
867 4156 936 4208 o’l.

376 4239 432 4286 pra,
444 4229 539 4286 pm.
