2896 4860
353 396 399 461 60
697 411 768 458 uro.
795 411 942 459 ratvurr

355 589 423 652 qne
447 578 482 633 et
499 569 568 632 alia
586 567 751 632 nonnulla
769 567 876 651 juxta
892 565 1071 630 ecclesiam
1095 566 1187 629 beati
1211 565 1308 629 Petri

353 669 541 734 destruxit.
593 666 806 750 Antipapam
824 667 926 730 etiarn
944 664 1137 730 Gnidonem
1157 665 1307 729 Romam

355 767 514 845 adduxit,
536 774 571 831 et
593 786 655 849 per
677 786 815 830 manum
842 766 918 849 ejus
939 763 1021 829 fecit
1040 784 1184 828 uxorem
1206 783 1307 829 suam

355 867 606 949 imperatricem
644 867 842 930 solemniter
878 865 1058 943 coronari3
1098 884 1162 930 nec
1196 863 1309 930 defuit

356 966 443 1030 ultio
461 966 603 1043 Divina,
627 985 696 1048 qua
717 973 898 1047 grassante
917 964 1130 1029 mortalitate
1150 964 1309 1029 seruntur

355 1067 483 1130 mortui
510 1066 553 1129 de
578 1066 734 1155 exercitu
759 1065 835 1147 ejus
857 1081 948 1128 xxv.
965 1063 1075 1127 millia
1096 1056 1306 1128 ¹hominnm.

356 1164 455 1229 Inter
470 1184 558 1248 quos
575 1165 715 1230 suerunt
725 1163 949 1229 consobrinus
964 1163 1182 1245 imperatoris
1200 1161 1307 1228 Caro-

355 1264 423 1343 lus,
433 1266 524 1330 filius
538 1265 689 1330 Conradi
706 1265 935 1348 imperatoris,
947 1270 984 1328 et
995 1262 1189 1327 Rainaldns
1205 1261 1307 1328 Golo-

357 1364 483 1429 niensis
501 1365 800 1448 archiepiscopns;
823 1363 935 1448 cujus,
957 1370 996 1427 ut
1011 1363 1200 1441 dicebatur,
1222 1383 1306 1428 con·

355 1464 433 1528 silio
465 1465 557 1528 mala
590 1464 740 1546 plurima
769 1464 930 1528 faciebat.
997 1461 1167 1527 Civitates
1199 1462 1305 1527 Lum-

355 1563 498 1641 bardiae,
509 1563 745 1628 Mediolanum
763 1563 1022 1639 reaedificantes,
1040 1563 1085 1626 ab
1098 1562 1307 1646 imperatore

354 1663 518 1727 deficiunt
534 1683 664 1741 omnes,
683 1663 794 1746 Papia
811 1672 847 1727 et
859 1662 1031 1727 Vercellis
1048 1661 1215 1745 exceptis.

406 1762 449 1826 Iu
472 1752 608 1828 octavis
625 1763 862 1839 Pentecostes,
886 1764 1099 1827 Francorum
1122 1769 1157 1826 et
1174 1760 1307 1844 Anglo-

193 1837 301 1925 Ἣ
354 1882 428 1926 rum
446 1882 558 1945 roges,
580 1863 824 1928 convenientes
846 1863 883 1926 iu
900 1862 1106 1940 Vulcasiuo,
1123 1871 1306 1944 coepcrnnt

246 1947 263 1975 ⁸'
353 1962 396 2026 de
410 1982 496 2045 pace
512 1970 686 2043 tractare3
710 1962 771 2027 sed
795 1961 878 2025 nibil
900 1962 1130 2045 proficientes,
1147 1961 1304 2027 collectis

354 2063 574 2140 exercitibus,
609 2070 753 2146 uterque
785 2070 896 2126 terras
930 2061 1073 2127 alterius
1108 2062 1307 2127 devastavit

354 2181 462 2244 nsque
493 2162 536 2226 ad
567 2183 716 2226 mensem
743 2160 954 2243 Augustum,
987 2162 1024 2226 in
1058 2181 1127 2245 quo
1150 2169 1304 2245 acceptae

354 2270 436 2327 sunt
465 2263 556 2326 inter
592 2283 661 2338 eos,
694 2282 803 2345 usqne
841 2262 885 2326 ad
921 2262 1116 2344 proximum
1155 2260 1306 2340 Pascha,

354 2368 498 2444 treugae.
550 2363 685 2427 Deinde
706 2382 769 2426 rex
796 2361 982 2438 Henricus,
1009 2360 1226 2424 Britanniam
1251 2362 1305 2426 iu·

354 2481 506 2543 gressuS,
538 2456 754 2528 ²Leonenses
781 2463 847 2525 sibi
871 2461 1035 2538 subdidit,
1059 2458 1307 2527 Cumhumario

353 2562 555 2629 vicecomite
577 2583 694 2628 eorum
716 2581 754 2625 se
773 2563 1008 2636 submittente,
1028 2567 1064 2625 et
1078 2560 1215 2626 obsides
1230 2563 1305 2644 regi

353 2659 468 2727 dante.

223 2797 341 2837 emper
404 2762 561 2826 Matildis
590 2761 807 2845 imperatrix,
838 2767 949 2824 mater
979 2761 1071 2842 regis
1099 2759 1306 2842 Anglorum,

232 2887 251 2936 g
353 2861 501 2926 decessit
541 2861 765 2943 Rotbomagi,
803 2867 927 2942 quarto
965 2860 1044 2924 idus
1082 2861 1306 2944 Septembris,

352 2980 434 3043 rege
460 2960 613 3025 Heurico
639 2961 752 3025 adhuc
780 2961 814 3024 in
840 2958 1022 3024 Britannia
1046 2969 1304 3042 commoranto;

353 3080 431 3144 quae
448 3061 483 3124 iu
499 3063 707 3125 monasterio
724 3059 890 3125 Beccensi
907 3060 1045 3142 sepulta
1057 3068 1123 3138 est,
1141 3060 1211 3125 filio
1228 3061 1305 3146 ejus

352 3162 518 3243 plurimos
540 3181 603 3243 pro
626 3180 668 3224 ea
689 3159 915 3225 distribuente
937 3159 1119 3225 thesauros
1138 3160 1305 3241 ecclesiis,

352 3262 582 3338 monasteriis,
615 3268 650 3325 et
682 3262 717 3324 in
746 3278 831 3323 usus
861 3277 1050 3342 pauperum
1079 3260 1305 3326 diversorum.

354 3359 437 3425 Fuit
463 3360 537 3425 haec
565 3360 767 3442 imperatrix
796 3358 942 3423 multum
965 3358 1046 3423 Duo
1068 3361 1207 3438 devota,
1231 3362 1305 3444 plu·

354 3461 509 3543 rimaqne
531 3461 566 3524 in
596 3459 813 3524 Normannia
833 3460 1044 3524 monasteria
1066 3461 1304 3543 religiosorum

353 3560 523 3625 fundavit.

192 3671 333 3762 {gffiffl’fl
405 3661 496 3742 Regi
527 3658 721 3742 Anglorum
759 3660 1000 3724 reconciliatur
1035 3658 1058 3723 J
1061 3660 1157 3724 ocius
1194 3662 1307 3726 archi·

193 3750 285 3813 narr.
352 3760 534 3842 opiscopus
550 3760 773 3825 Turonensis
826 3759 963 3841 Regina
986 3758 1153 3824 Alienora
1178 3761 1213 3824 in
1231 3761 1306 3827 An·

352 3859 457 3941 gliam
485 3862 657 3924 transiens
689 3860 795 3924 filium
825 3860 970 3942 peperit,
1000 3879 1101 3942 quem
1133 3859 1305 3926 Joannem

351 3961 502 4038 vocavit,
547 3962 581 4023 in
624 3961 743 4041 vigilia
785 3958 992 4024 Natiuitatis
1031 3959 1236 4039 Dominicae,
1269 3963 1305 4026 in

408 4122 511 4130 ψ·
712 4120 1018 4128 ..-.-—-——------—--
1044 4122 1096 4127 —.
1270 4125 1299 4130 —

362 4280 368 4288 .
386 4213 393 4244 ¹
406 4214 568 4280 ‘hominum‚’
579 4217 682 4266 omitted
694 4216 721 4266 in
733 4213 801 4267 o’A.
817 4214 823 4284 Ι
873 4214 883 4243 ²
898 4215 1097 4280 ‘laenonenses;'
1109 4219 1148 4270 Μ.
1205 4250 1209 4259 .
