2896 4860
357 363 401 428 90
717 378 790 425 nic.
809 377 955 425 rnivnri

357 558 442 616 sem,
470 546 594 622 pontes
626 547 662 603 et
692 538 812 603 domos
842 545 1000 602 evertens
1030 555 1071 600 ac
1101 535 1309 613 molendina,

357 638 580 721 hominesque
595 639 721 704 multos
737 639 972 721 submergens.

197 773 337 823 rugum,
408 739 595 816 Henricus,
627 736 820 821 Anglorum
845 758 906 802 rex
937 737 1061 814 senior,
1093 736 1309 801 abalienatus

195 830 301 914 {35¹⁸ssss
358 840 402 902 ab
429 860 538 904 uxore
565 858 640 917 sua,
664 840 699 902 iu
727 839 883 903 custodia
912 857 989 902 eam
1018 835 1167 902 detinuit
1192 837 1310 902 multis

195 925 252 966 '³⁶‘
358 940 468 1003 annis.
507 939 685 1004 Galsridus
698 939 803 1015 filins,
820 938 1058 1014 Guiomarum,
1072 937 1311 1002 vicecomitem

359 1039 583 1117 Leonensem,
614 1059 655 1104 ac
680 1032 783 1103 ¹filios
805 1038 881 1123 ejus
903 1038 968 1102 sibi
992 1037 1136 1102 rebelles
1153 1038 1311 1119 subegit3

359 1139 502 1204 castella
517 1159 634 1204 eorum
650 1139 801 1222 capiens,
823 1147 858 1204 et
879 1140 915 1203 in
936 1157 1041 1202 manu
1063 1157 1127 1202 sua
1146 1136 1312 1215 retinens,

359 1249 394 1305 et
409 1240 452 1304 de
466 1241 566 1304 terris
586 1259 703 1305 eorum
724 1240 921 1322 relinquens
938 1232 1006 1302 ²eis
1028 1236 1218 1321 respective
1237 1257 1312 1302 mo·

359 1341 471 1404 dicam
500 1341 704 1424 portionem.
758 1339 929 1404 Ricardus
959 1340 1063 1403 etiam
1093 1338 1165 1402 dux
1197 1336 1311 1420 Aqui-

360 1441 464 1504 taniae
494 1439 688 1504 Galfridnm
718 1439 761 1504 de
793 1439 966 1504 Ranchun
995 1437 1201 1515 humiliavit,
1234 1438 1312 1523 ejus

360 1548 512 1605 castrum
528 1541 761 1623 Taleburgum
777 1540 819 1604 ad
837 1541 947 1605 solum
965 1540 1113 1615 diruens,
1131 1557 1209 1602 cum
1224 1558 1312 1620 qua·

360 1653 439 1704 tuor
455 1641 532 1705 aliis
555 1641 706 1706 castellis
723 1640 888 1724 ejusdem.
940 1640 1128 1704 Dominum
1142 1639 1248 1703 etiam
1265 1639 1309 1703 de

363 1740 487 1817 Ponte,
520 1740 629 1805 eidem
655 1740 814 1806 Galsrido
842 1741 1026 1817 faventem,
1055 1739 1311 1822 subpeditavit3

361 1849 511 1906 castrum
530 1840 617 1925 ejus,
632 1842 724 1924 quod
742 1836 854 1905 ³Pons
868 1841 1004 1918 dicitur,
1017 1839 1192 1904 diruendo.
1229 1838 1313 1904 Non

361 1941 506 2005 multum
529 1961 611 2006 vero
634 1949 724 2025 post,
747 1941 899 2006 Ricardo
921 1941 1064 2004 ducein
1082 1939 1246 2021 Angliam
1267 1939 1312 2003 ad

362 2041 398 2104 S.
414 2040 583 2106 Thomam
607 2041 773 2124 profecto,
795 2040 934 2124 quidam
952 2040 1154 2104 Basclorum
1172 2048 1208 2104 et
1224 2033 1314 2103 ⁴Na-

362 2160 540 2205 varrorum
573 2142 834 2207 Brabauzonum
864 2141 1064 2204 suburbium
1091 2133 1312 2221 ⁵Bnrdegalae

363 2248 597 2306 vastaverunt.
650 2241 845 2325 Philippus,
867 2242 959 2323 regis
981 2241 1191 2305 Francorum
1208 2240 1313 2318 filius,

362 2341 442 2405 dum
465 2341 640 2406 venationi
662 2342 804 2421 insistit,
823 2342 958 2406 amissis
976 2341 1091 2418 sociis,
1116 2347 1190 2404 tota
1212 2348 1313 2405 nocte

361 2442 397 2504 in
430 2441 520 2505 silva
551 2442 781 2525 vagabundus
818 2441 1028 2524 permansit3
1065 2439 1203 2504 tandem
1234 2433 1313 2523 ⁶per

362 2541 532 2624 quendam
551 2543 790 2607 carbonarium
809 2560 831 2605 a
846 2561 928 2605 casu
946 2542 1135 2617 inventum,
1150 2539 1313 2605 reductus

361 2649 415 2705 est
428 2642 471 2705 ad
489 2661 582 2707 snos.
637 2643 692 2707 Ex
708 2641 893 2707 solitudine
910 2649 1025 2706 tamen
1041 2649 1076 2705 et
1089 2659 1219 2723 pavore
1235 2649 1313 2705 tau·

362 2749 431 2805 tam
456 2743 600 2807 incurrit
620 2743 873 2825 aegritudinem,
900 2742 992 2825 quod
1021 2741 1200 2805 coronatio
1224 2740 1313 2825 ojus,

362 2860 464 2923 quam
486 2848 586 2924 pater
607 2842 642 2905 in
660 2840 907 2926 Assumptione
928 2842 1040 2906 beatae
1059 2840 1214 2923 Virginis
1237 2841 1311 2904 fieri

361 2941 571 3019 decreverat,
581 2950 635 3006 est
647 2943 784 3007 omissa.
813 2942 893 3007 Rex
905 2951 1020 3007 autem
1034 2941 1239 3018 Lodovicus,
1250 2960 1314 3023 pro

362 3060 400 3104 se
422 3049 458 3105 et
476 3041 560 3117 filio,
581 3061 724 3125 peregre
748 3044 921 3126 profectus
944 3050 997 3107 est
1020 3042 1056 3105 iu
1081 3040 1245 3123 Angliam
1269 3040 1313 3105 ad

362 3142 501 3205 beatum
512 3140 694 3221 Thomam,
712 3145 766 3208 cui
784 3143 969 3226 aliquando
984 3161 1143 3224 maguam
1158 3140 1313 3205 hnmani·

363 3248 469 3305 tatem
487 3242 691 3307 exhibuerat
708 3263 784 3307 cum
801 3245 836 3307 in
852 3242 979 3307 Galliis
996 3233 1177 3307 exularet!
1234 3240 1314 3306 Rex

363 3349 478 3406 autom
506 3341 713 3424 Anglorum,
742 3344 803 3425 qui
834 3344 938 3426 paulo
969 3350 1051 3407 ante
1080 3343 1114 3405 in
1145 3342 1312 3424 Angliam

363 3442 558 3520 transierat,
590 3442 701 3525 ipsum
726 3463 804 3507 cum
833 3445 985 3507 maximo
1013 3441 1165 3525 suscepit
1186 3443 1314 3525 gaudio

362 3541 551 3607 ethonore.

411 3641 591 3721 Emauuel,
607 3643 793 3727 imperator
809 3640 1227 3725 constantinopolitanus,
1245 3641 1314 3706 sol-

397 3889 404 3922 ¹
422 3893 517 3941 ‘filium
528 3893 595 3951 ;’M.
887 3892 898 3924 ⁶
914 3896 977 3956 ‘per
995 3895 1120 3956 quendam
1139 3895 1314 3944 carbonarium

397 3961 408 3989 ¹
422 3964 463 4011 ‘ei
472 3958 488 4022 ;'
501 3963 540 4013 M.
852 3965 980 4013 inventurn
994 3961 1141 4025 reductus3'
1152 3960 1220 4014 m.

400 4030 409 4060 ²
426 4033 469 4080 ‘et
483 4034 551 4081 Pons
560 4028 576 4093 ;’
590 4029 657 4082 D’A.
670 4039 694 4082 et
704 4035 751 4085 Ar.

397 4100 406 4129 ⁴
422 4103 430 4130 ‘
444 4103 612 4152 Navariorum
623 4099 638 4162 ;'
650 4104 689 4153 Μ.
887 4100 897 4137 ⁷
913 4105 961 4153 See
977 4121 993 4154 a
1009 4105 1057 4153 full
1076 4109 1183 4154 account
1196 4106 1223 4154 in
1237 4106 1316 4155 Baro·

398 4170 408 4199 ⁵
424 4173 605 4236 ‘Boulrgoliae
618 4169 632 4233 ;’
647 4175 683 4223 Μ.
853 4175 918 4234 nius,
929 4177 983 4226 xix.
995 4179 1052 4223 5⁰1.
