2896 4860
360 380 424 444 170
722 394 795 442 mc.
814 395 961 443 un1vur1

359 551 558 628 servandos,
572 553 807 636 quosdamque
825 555 975 637 acceptis
989 556 1165 621 obsidibus
1181 559 1314 622 remisit

358 655 402 720 ad
422 652 571 737 propria.
617 651 808 717 Arthurum
827 675 910 720 voro
932 656 1025 720 misit
1041 655 1309 740 Rothomagum,

359 755 423 819 sub
458 753 596 818 arctiori
630 754 788 819 custodia
821 755 1055 823 detinendum.
1119 757 1174 822 Ob
1207 758 1310 823 istam

358 856 533 920 victoriam
553 853 652 918 multi
670 863 796 936 putant
812 857 875 920 sibi
901 859 1083 922 convenire
1102 858 1188 923 illud
1217 859 1311 923 Mer·

356 956 417 1022 lini
430 954 573 1030 fatidici,
588 961 597 988 ‘
612 954 736 1038 Capite
757 956 866 1021 leonis
884 959 1128 1023 coronabitur.'
1181 959 1228 1024 Et
1243 960 1309 1024 ite·

358 1077 432 1120 rum
447 1055 543 1132 illud,
560 1055 738 1138 ‘Linguas
756 1064 933 1121 taurorum
954 1057 1144 1137 abscindet,
1167 1069 1203 1124 et
1220 1060 1311 1125 colla

358 1157 565 1238 rugientium
583 1158 739 1221 onerabit
756 1158 909 1222 catenis.’

198 1277 346 1375 pegma
403 1257 621 1370 ‘Octavianus
649 1256 820 1322 Ostiensis
851 1266 886 1322 et
910 1257 1064 1323 Joauues
1092 1259 1309 1324 Vclctreusis

196 1386 250 1425 nom
260 1381 344 1421 nmo.
356 1356 507 1441 episcopi
536 1359 712 1422 venientes
743 1360 778 1422 iu
805 1359 999 1436 Franciam,
1032 1359 1195 1442 Philippo
1229 1381 1309 1441 rege

356 1460 398 1523 ad
422 1478 539 1522 eorum
568 1459 788 1523 monitionem
819 1459 1064 1541 Ingelburganr
1092 1461 1248 1543 reginam
1274 1463 1307 1524 in

355 1560 503 1642 gratiam
530 1559 726 1640 recipiente,
752 1560 993 1643 celebratoque
1021 1562 1244 1644 interipsum
1275 1570 1311 1625 et

355 1659 634 1742 superinductam
658 1660 818 1736 divortio,
842 1662 1059 1725 interdictum
1088 1663 1123 1725 iu
1147 1662 1308 1739 Francia,

355 1760 446 1842 quod
465 1761 610 1823 triennio
625 1759 823 1838 duraverat,
841 1761 1051 1825 relaxarunt.

376 2005 402 2041 D.
416 2005 441 2040 N.
451 2005 471 2039 J.
484 2004 506 2039 0.
608 2005 629 2039 Ρ.
645 2004 806 2039 ROMANORUM
820 2005 844 2039 a.
965 2004 1117 2040 FRANCORUM
1155 2004 1293 2040 ANGIDBU!

1147 2063 1286 2071 ..ι-

400 2092 478 2129 nocu.
538 2092 736 2129 innocuumrur.
767 2092 923 2129 oruonrsrv.
964 2092 1074 2127 riuum
1086 2092 1114 2129 11.
1172 2093 1278 2129 sonuum

630 2153 655 2199 4.
835 2154 860 2200 d.
1018 2153 1060 2199 21.
1217 2156 1242 2199 3.

194 2333 343 2387 ronanam
419 2317 587 2381 loannes
615 2337 677 2382 rex
703 2317 793 2401 apud
828 2316 1050 2381 cantuariam
1079 2336 1141 2400 per
1170 2335 1307 2380 manum

193 2388 295 2431 cmwned.

354 2418 506 2483 Huberti
545 2417 792 2500 archiepiscopi
833 2419 955 2481 iterum
996 2425 1207 2496 coronatur;
1247 2416 1305 2500 qui

354 2521 471 2586 eodem
491 2538 582 2583 anno
601 2517 798 2601 Philippum
824 2517 1069 2582 Belvaceusern
1092 2517 1303 2601 episcopum,

293 2669 295 2672 Α
355 2641 456 2704 quem
473 2619 645 2683 Ricardus
669 2638 731 2682 rex
753 2618 966 2700 praeliautem
985 2625 1134 2701 ceperat,
1152 2637 1174 2682 a
1191 2626 1305 2682 custo·

356 2721 413 2784 dia
428 2721 589 2796 liberans,
608 2719 651 2783 ad
670 2720 808 2802 propria
825 2718 936 2782 redire
952 2720 1116 2801 permisit.
1177 2717 1310 2803 Philip-

356 2841 421 2905 pus
448 2840 510 2884 rex
541 2821 576 2882 in
605 2820 904 2885 exheredationem
932 2820 1025 2902 regis
1055 2818 1195 2901 Angliae
1224 2820 1307 2883 totis

357 2923 487 2987 viribus
501 2921 673 2998 laborans,
692 2920 916 3004 Aquitaniam
933 2921 1119 3002 ingressus
1138 2919 1306 3004 quasdam

357 3024 448 3105 cepit
480 3023 699 3100 munitiones,
733 3022 878 3085 militum
919 3020 1174 3085 Pictavensium
1214 3014 1308 3086 ¹Bri·

357 3130 545 3206 tonumque
565 3123 693 3188 favore.
748 3122 845 3185 Inter
867 3121 941 3184 lraec
962 3141 1053 3203 papa
1075 3121 1309 3200 Innocentius,

358 3245 421 3307 pro
442 3242 527 3306 pacc
547 3223 637 3287 iuter
659 3243 757 3306 reges
780 3221 1010 3299 reformanda,
1032 3222 1192 3286 abbatem
1215 3222 1309 3287 misit

359 3324 401 3389 de
418 3318 652 3401 ²Casamarrii,
671 3327 742 3408 qui,
764 3324 927 3407 adjuncto
945 3323 1010 3386 sibi
1032 3322 1156 3386 abbate
1174 3321 1307 3387 Trium-

361 3425 536 3501 Fontium,
560 3426 767 3488 auctoritate
785 3423 977 3507 apostolica
993 3423 1156 3506 praecepit
1171 3425 1308 3507 utrique

361 3528 444 3610 regi,
461 3535 500 3591 ut
517 3526 716 3591 convocatis
734 3524 904 3607 episcopis
922 3532 957 3588 et
972 3522 1182 3607 principibus
1200 3526 1307 3608 regui,

359 3629 458 3693 salva
484 3627 661 3709 utriusque
680 3625 828 3710 justitia,
856 3643 974 3707 pacem
997 3624 1168 3703 facerent3
1196 3633 1232 3689 et
1251 3627 1308 3690 ab

359 3730 471 3794 balias
495 3738 696 3811 ceterasque
720 3725 895 3802 ecclesias,
918 3745 1116 3807 percorum
1138 3724 1232 3789 bella
1253 3726 1307 3790 de-

195 3849 333 3900 Phuuaau
358 3839 521 3906 structas,
536 3830 571 3892 iu
590 3836 718 3892 statum
739 3827 890 3891 debitum
913 3832 1121 3910 repararent.
1178 3825 1307 3910 Philip·

196 3908 266 3941 enters
278 3902 330 3940 Nur·

196 3954 281 4002 maudy.

357 3951 422 4014 pus
438 3939 553 3995 autern
571 3950 646 4007 rex,
663 3928 852 4013 apostolico
871 3947 939 3991 nou
952 3927 1112 3990 obstante
1132 3927 1307 4006 mandato,

371 4076 523 4085 -—-—

393 4158 399 4188 ¹
417 4117 706 4217 ιΒήίιιιιιιίωφιοςἸΑν.
880 4153 1068 4204 ²‘cmamarii
1080 4151 1102 4215 ς’
1131 4156 1191 4206 Ma
1219 4156 1307 4210 ‘cia

847 4226 923 4275 Marii
932 4221 946 4285 ;’
957 4226 1006 4277 Ar.
